3296 5369
1722 1510 1921 1564 Fuerat
1957 1511 2250 1583 disputatio
2296 1511 2487 1566 haecce
2532 1510 2588 1563 in
2623 1511 2837 1582 propria

1618 1596 1746 1649 sede
1783 1602 1943 1667 caput
1988 1594 2215 1668 alterum
2248 1595 2416 1650 libelli
2451 1595 2740 1668 amplioris,
2778 1598 2833 1651 in

1616 1698 1725 1750 quo
1778 1681 1843 1735 de
1901 1681 2149 1734 omnibus
2207 1682 2441 1753 parodiis
2501 1681 2836 1736 Comicornm

1618 1764 1943 1820 Graecorum
1974 1766 2030 1819 in
2065 1784 2257 1837 genere
2293 1775 2473 1822 actum
2507 1768 2695 1824 fuerat.

671 2091 962 2202 Rerum
1014 2130 1427 2202 Atticarum
1479 2171 1583 2180 —
1634 2152 1886 2201 eorum
1951 2129 2339 2224 praecipue
2397 2110 2832 2225 temporum,

503 2250 770 2342 quibus
849 2274 979 2344 per
1056 2249 1444 2344 imperium
1532 2248 1748 2320 nimis
1827 2248 2178 2351 populare
2263 2250 2460 2344 ipsae
2548 2249 2839 2322 delabe-

501 2371 772 2441 bantur
837 2371 927 2440 ad
981 2369 1245 2439 virium
1310 2367 1632 2462 inopiam
1694 2378 1769 2441 et
1817 2368 2164 2463 pristinae
2216 2369 2509 2442 virtutis
2557 2378 2835 2464 egesta-

498 2497 646 2560 tem
716 2531 820 2541 -—
891 2487 1061 2559 licet
1149 2487 1526 2559 extiterint
1599 2488 2122 2582 vituperatores
2204 2512 2427 2580 quam
2507 2489 2832 2583 plurimi,

499 2608 870 2711 neminem
943 2616 1120 2703 puto
1207 2631 1357 2679 esse
1436 2608 1621 2700 quin
1697 2608 2096 2679 admiretur
2164 2632 2544 2680 censuram
2632 2607 2870 2680 illam-

500 2752 688 2820 quae
757 2730 1230 2801 exercebatur
1251 2783 1268 2816 ‚
1340 2752 1489 2799 non
1540 2729 1619 2800 in
1671 2726 2082 2800 litterarum
2131 2729 2519 2801 annalibus
2572 2754 2615 2800 a
2666 2753 2835 2824 par-

498 2847 670 2920 vulo
722 2849 1095 2920 doctorum
1148 2849 1532 2920 hominum
1578 2871 1797 2943 grege
1849 2856 1934 2919 ut
1983 2848 2200 2919 hodie
2248 2849 2409 2921 fieri
2457 2848 2659 2936 solet,
2713 2850 2836 2921 sed

497 2967 576 3038 in
643 2968 798 3063 ipso
867 2968 1077 3060 quasi
1142 2969 1340 3040 victu
1408 2969 1680 3040 civium
1746 2992 1788 3038 a
1854 2967 2134 3040 civibus
2153 3024 2171 3055 ,
2246 2977 2320 3040 et
2389 2969 2687 3061 quidem
2754 2968 2835 3039 in

496 3111 747 3158 eorum
802 3111 1097 3180 quoque
1150 3113 1385 3174 usum,
1440 3087 1571 3179 qui
1601 3110 1750 3157 non
1785 3095 1992 3158 erant
2025 3087 2218 3159 inter
2254 3086 2836 3182 opulentissimos

499 3231 632 3279 nec
678 3210 853 3279 artis
905 3207 1230 3279 doctrina
1295 3206 1631 3282 imbutos,
1738 3205 2034 3277 Etenim
2087 3208 2426 3279 universa
2476 3210 2833 3300 quaedam

496 3339 651 3399 erat
693 3326 988 3398 illorum
1039 3335 1456 3421 temporumv
1476 3325 1769 3420 politior
1818 3325 2259 3414 humanitaS,
2311 3351 2476 3399 cum
2509 3328 2587 3399 in
2623 3349 2835 3399 scena

496 3436 766 3518 Bacchi
800 3461 1121 3520 'censura
1154 3455 1494 3542 ageretur
1526 3468 1677 3516 non
1723 3443 1956 3516 solum
1989 3468 2297 3533 morum,
2347 3449 2469 3519 sed
2506 3447 2833 3518 omnium

497 3591 750 3639 eorum
801 3591 987 3658 quae
1039 3565 1118 3638 in
1170 3565 1537 3661 publicam
1589 3564 1922 3635 notitiam
1976 3566 2229 3637 cadere
2260 3575 2616 3661 poterant.
2701 3566 2834 3638 At-

497 3711 642 3779 que
711 3688 1005 3777 quidem
1073 3686 1369 3779 parodia
1432 3709 1655 3777 quam
1723 3683 1987 3756 habilis
2038 3682 2262 3756 fuerit
2324 3685 2403 3757 in
2456 3709 2610 3757 rem
2665 3710 2835 3757 cen-

498 3830 706 3877 surae
772 3830 856 3878 ac
912 3805 1172 3902 judicii
1194 3861 1212 3892 ,
1289 3828 1417 3877 seu
1489 3804 1995 3898 exaggerando
2071 3827 2198 3875 seu
2267 3807 2831 3897 contorquendo,

497 3923 993 3997 transferendo
1047 3925 1411 4019 integram
1457 3948 1613 3995 rem
1679 3946 1805 3994 seu
1857 3922 2208 3993 imitando
2277 3907 2497 3997 totius
2550 3925 2834 4019 generis

496 4047 806 4139 speciem
859 4069 1110 4124 eorum
1164 4068 1352 4136 quae
1394 4043 1765 4115 notatione
1803 4043 2362 4136 reprehensione
2392 4045 2833 4116 correctione

438 4153 451 4164 ³
497 4165 717 4258 digna
769 4164 919 4235 visa
974 4162 1267 4250 fuerint,
1320 4205 1425 4214 -—
1476 4170 1784 4233 nonest
1835 4164 2031 4253 quod
2082 4183 2437 4234 moneam.
2536 4163 2834 4236 Praeter

501 4294 746 4378 poetas
794 4306 964 4356 vero
1016 4284 1406 4356 sententias
1457 4280 2057 4377 philosophorum
2101 4291 2174 4354 et
2212 4283 2835 4374 quantulumcun-

495 4427 639 4495 que
693 4403 1102 4474 orationum
1156 4403 1434 4474 ratione
1487 4401 1824 4497 parodiae
1875 4426 1920 4472 a
1970 4403 2259 4475 comicis
2318 4412 2704 4475 tractatum
2744 4405 2834 4492 ,in

494 4522 823 4615 reliquiis
857 4547 1038 4596 com.
1072 4523 1485 4610 exhibetur,
1511 4509 1673 4593 ‘nec
1723 4544 1871 4593 non
1923 4521 2451 4619 chresmologos
2502 4524 2581 4595 in
2632 4524 2838 4597 brevi
