3296 5369
382 338 462 414 Ι(

1570 537 1819 601 ...32
1902 575 1998 584 ..-

1379 912 1393 926 “
1426 905 1600 998 Vi'ta
1662 888 2109 1053 scriptoris,

2233 992 2274 1061 ’ἐ

765 1174 956 1234 Natus
1000 1190 1126 1233 sum
1170 1173 1452 1231 Ernestus
1495 1172 1859 1253 Theophilus
1891 1174 2082 1234 Sihler
2124 1194 2277 1235 anno
2320 1176 2497 1253 hujus
2542 1180 2763 1240 saeculi
2795 1182 2938 1241 LIII

598 1259 814 1319 mensis
854 1258 1117 1319 Januarii
1142 1258 1238 1316 die
1257 1258 1334 1330 II,
1372 1257 1433 1315 in
1458 1258 1604 1340 urbe
1629 1255 1723 1317 c'ui
1752 1270 1962 1319 nomen
1987 1264 2083 1320 -est
2106 1261 2247 1320 Fort
2275 1261 2522 1337 Wayne,
2564 1266 2927 1341 Indianensi‚

597 1345 908 1404 Americae
967 1342 1478 1420 septentrionalis,
1550 1341 1742 1406 Patre·
1771 1341 2125 1422 Guiiielmo,
2186 1346 2297 1404 Ph.
2341 1349 2426 1406 1D.
2459 1349 2613 1409 inter
2657 1353 2935 1413 ecclesias

569 1429 966 1493 ,Lutheranas
1009 1428 1172 1489 urbis
1215 1432 1451 1505 pastore
1481 1429 1731 1503 seniore,
1787 1427 1976 1494 Matre
1998 1429 2301 1508 Susanna,
2335 1451 2368 1492 e
2397 1438 2575 1510 gente
2589 1437 2927 1508 Kerniana3

583 1533 841 1591 quorum
885 1515 1041 1591 quod
1083 1518 1331 1588 uterque
1376 1514 1518 1572 mihi
1562 1520 1859 1592 superstes
1905 1522 2013 1589 est,
2064 1518 2221 1578 inter
2257 1520 2633 1595 gravissimas
2663 1522 2806 1582 m1hi
2844 1528 2936 1584 est

596 1619 800 1661 causas
826 1600 986 1661 DEO
1001 1599 1215 1677 agendi
1236 1599 1472 1675 gratias.
1515 1600 1869 1661 Litterarum
1893 1603 2104 1663 notitia
2123 1603 2307 1680 patris
2327 1604 2610 1665 carissimi
2633 1607 2695 1666 in
2713 1609 2934 1685 gremio

595 1686 916 1746 instructus
961 1685 1215 1746 scholam
1260 1684 1377 1743 adii
1410 1679 1603 1747 wolfi?
1653 1682 1910 1763 magistri
1956 1683 2094 1748 dum
2137 1689 2291 1747 vixit
2335 1691 2601 1751 omnibus
2646 1693 2931 1753 carissimi

595 1771 809 1831 deinde
853 1767 1053 1833 wildii
1104 1767 1436 1848 Kunziique
1480 1790 1624 1846 qnos
1668 1777 1833 1848 grato
1877 1774 2071 1833 animo
2115 1793 2388 1835 memoro.
2480 1775 2724 1837 Decimo
2770 1778 2932 1839 vitae

597 1875 771 1934 ann0‚
819 1857 1070 1917 maxime
1117 1856 1271 1917 elato
1314 1856 1526 1932 animo,
1573 1857 1947 1931 frequentare
1994 1859 2158 1934 coepi
2188 1860 2555 1935 gymnasium
2599 1880 2783 1939 prope
2824 1881 2933 1922 ur·

596 1942 729 2004 bem
792 1940 1041 2017 patriam
1097 1942 1308 2014 situm,
1375 1942 1469 2000 cui
1531 1960 1741 2002 nomen
1807 1948 1897 2002 est
1957 1943 2319 2004 Concordiae
2378 1946 2651 2022 quodque
2709 1948 2932 2024 regitur

596 2026 817 2102 Synodi
877 2026 1252 2087 Lutheranae
1305 2027 1736 2088 Missouriensis
1805 2027 2084 2104 auspiciis
2144 2032 2204 2086 et
2277 2028 2387 2087 hoc
2445 2036 2706 2108 tempore
2763 2033 2931 2093 floret

596 2109 869 2176 Hausero
938 2118 1185 2173 rectore.
1279 2112 1348 2171 In
1413 2129 1481 2171 eo
1539 2131 1647 2189 per
1691 2113 1799 2171 VII.
1872 2131 2055 2172 annos
2119 2113 2431 2190 disciplina
2498 2114 2739 2177 fruebar
2799 2137 2945 2178 cum.

597 2196 794 2261 Patris
838 2197 1142 2270 carissimi,
1196 2197 1483 2274 gymnasii
1509 2197 1817 2273 praesidi3‚
1869 2203 1993 2258 tum
2031 2204 2238 2258 exacta
2260 2196 2468 2261 Saxeri
2509 2196 2633 2260 tum
2654 2203 2919 2276 rectoris,

598 2283 809 2363 Lanqii
834 2279 1630 2362 Aehenbachiistubnatzyi,
1670 2283 1923 2358 denique
1953 2284 2082 2360 ejus
2115 2283 2230 2342 viri
2259 2285 2361 2359 qui
2389 2287 2640 2360 quodam
2668 2288 2926 2363 antiqui-

599 2371 742 2431 tatis
779 2388 975 2431 amore
1018 2369 1276 2430 animum
1319 2384 1510 2427 meum
1554 2369 1784 2440 imbuit,
1823 2365 2040 2447 Georgi
2067 2367 2351 2432 semckii.
2406 2403 2481 2412 ——
2528 2372 2693 2431 Anni
2736 2373 2928 2432 LXIX

590 2461 822 2531 ‘aestate
866 2456 980 2515 rite
1025 2473 1156 2515 cum
1198 2454 1497 2515 sodalibus
1540 2453 1908 2530 gratissimis,
1958 2473 2104 2530 quos
2142 2457 2267 2532 jam
2312 2456 2553 2516 salvere*
2580 2458 2798 2533 jubeo,
2852 2477 2927 2517 ex

592 2541 782 2618 prima
847 2542 1036 2601 classe
1092 2557 1360 2616 egressus
1433 2539 1496 2598 in
1557 2540 1762 2598 urbem
1818 2539 1906 2600 St.
1957 2540 2246 2600 Ludovici
2302 2538 2777 2602 Missouriensem
2833 2561 2925 2602 me

596 2627 840 2700 contuli,
892 2625 995 2701 ubi
1039 2644 1146 2703 per
1189 2629 1309 2684 tres
1352 2642 1534 2683 annos
1596 2625 1769 2683 rebus
1828 2625 2171 2702 theologicis
2226 2625 2460 2687 deditus
2504 2627 2718 2706 scholis
2764 2628 2925 2690 inte-

592 2731 784 2772 reram
825 2711 941 2771 viri
987 2714 1047 2772 et
1089 2712 1316 2788 pietate
1360 2714 1420 2768 et
1472 2709 1738 2769 doctrina
1778 2712 2131 2787 praestantis
2178 2707 2442 2775 Gualferi
2504 2718 2628 2772 tum
2676 2712 2925 2777 Braueri

592 2794 899 2861 eruemur}
945 2792 1261 2859 Schmidtii
1304 2796 1571 2856 aliorum.
1664 2796 1826 2855 Anni
1870 2796 2090 2855 LXXII
2148 2817 2288 2858 vero
2332 2795 2661 2875 fauctumno
2706 2800 2925 2873 factum

593 2889 682 2944 est
753 2883 909 2958 quod
977 2887 1041 2943 et
1111 2880 1504 2957 maximopere
1573 2880 1718 2939 mihi
1776 2886 2191 2958 exoptaveram
2250 2886 2311 2943 et
2368 2884 2473 2942 vix
2530 2882 2657 2944 fore
2715 2904 2924 2962 spera-

589 2988 792 3029 veram
817 3016 830 3041 ,
897 2968 1169 3027 nimirum
1214 2971 1280 3026 ut
1322 2966 1385 3025 in
1428 2967 1796 3026 Germaniam
1839 2987 1931 3027 me
1989 2968 2317 3028 conferrem
2377 2973 2437 3028 et
2478 2969 2958 3030 universitatem.

588 3055 777 3131 primo
818 3054 947 3115 loco
990 3053 1213 3113 adirem
1257 3052 1716 3111 Berolinensem.
1789 3047 1860 3110 In
1905 3071 1975 3111 ea
2018 3072 2125 3130 per
2167 3054 2281 3113 tria
2324 3055 2669 3114 semenstria
2710 3055 2924 3115 scholis

589 3138 835 3200 interfui
896 3135 1135 3217 Hauptii
1197 3134 1497 3199 Huebneri
1558 3133 1904 3199 Kirchhoffii
1968 3137 2221 3201 Bonitzii
2291 3136 2555 3217 Kieperti
2631 3137 2922 3221 Droyseni

593 3221 951 3289 Mommseni
998 3221 1433 3287 wastenbaehii
1485 3220 1836 3301 Michaelis;
1884 3225 2336 3285 Huebnerianae
2377 3244 2486 3301 per
2528 3225 2643 3286 tria
2683 3227 2920 3288 semen-

591 3313 738 3372 stria
803 3311 1101 3373 societatis
1171 3309 1563 3387 philologicae
1629 3309 1716 3368 fui
1788 3308 2003 3370 sodalis
2026 3358 2039 3382 ,
2110 3314 2170 3369 et
2226 3310 2353 3387 ipse
2400 3309 2460 3371 V.
2506 3306 2594 3373 cl.
2641 3312 2922 3372 librorum

589 3403 649 3458 et
726 3397 1100 3458 consiliorum
1162 3395 1332 3471 copia
1401 3395 1644 3453 comiter
1717 3394 1994 3455 continuo
2066 3395 2192 3455 fere
2262 3413 2366 3455 me·
2413 3396 2665 3474 adjuvit.
2755 3397 2922 3457 Anni

589 3483 835 3542 LXXIV
857 3487 1117 3559 tempore
1154 3500 1336 3541 verno
1380 3479 1442 3539 in
1465 3479 1832 3555 Lipsiensem
1877 3481 2290 3557 transmigravi
2328 3481 2774 3542 universitatem
2817 3481 2919 3541 ubi

591 3568 805 3629 scholis
829 3567 1160 3644 adscriptus
1186 3584 1343 3626 eram
1379 3564 1623 3624 aestivis
1661 3563 1972 3628 Ritschelii
2007 3563 2345 3629 Drobisehii
2370 3562 2609 3646 Voiqtii,
2646 3565 2921 3630 Abrensii

588 3654 727 3713 dum
768 3654 1077 3731 praelectt.
1127 3651 1335 3711 habuit
1392 3649 1784 3727 gravissimis,
1848 3649 2160 3714 Sohusferi
2210 3649 2454 3714 Hirzelii
2498 3653 2921 3730 philosophicis

591 3736 905 3803 nelitsohii
961 3737 1388 3815 geographicis.
1481 3735 1607 3796 Hoc
1651 3738 1959 3798 semenstri
2012 3738 2169 3813 quod
2206 3739 2331 3815 jam
2374 3738 2598 3815 agimus
2642 3738 2911 3812 hiberno,

587 3825 1004 3885 litterariorum
1061 3842 1320 3883 meorum
1378 3821 1440 3880 in
1499 3821 1811 3883 Germania
1863 3824 2329 3900 peragendorum
2384 3825 2646 3883 laborum
2689 3823 2914 3896 ultimo,

585 3911 762 3971 audio
807 3906 1074 3973 curtium
1123 3904 1554 3971 overbeokium
1605 3906 1891 3987 [angium
1943 3906 2302 3971 Fritschium
2351 3906 2919 3972 windelbandtium.

589 3995 818 4057 Sodalis
875 4015 1033 4056 eram
1088 3993 1523 4055 Ritschelianae
1581 3995 1877 4055 societatis
1940 3994 2328 4072 philologicae
2395 3995 2913 4069 extraordinariuS,

590 4081 891 4142 Schusteri
935 4079 1373 4158 philosophicae
1418 4077 1768 4140 ordinarius.
1864 4077 2122 4159 Uterque
2168 4078 2258 4142 vir
2310 4081 2558 4140 maxime
2601 4078 2920 4157 benignum

588 4185 727 4229 sese·
759 4167 1034 4244 praebuit
1077 4166 1237 4225 mihi.
1333 4164 1560 4237 Quibus
1603 4165 1771 4237 adeo,
1823 4184 1932 4225 nec
1975 4187 2093 4227 000
2129 4166 2398 4226 omnibus
2426 4183 2672 4242 quorum
2704 4166 2920 4272 Q

589 4272 627 4313 a
667 4271 850 4331 puero
894 4250 1208 4327 disciplina
1250 4255 1310 4310 et
1354 4248 1620 4309 doctrina
1663 4236 1900 4311 fructus*
1930 4241 2086 4325 siim,
2155 4256 2215 4310 et
2259 4251 2344 4311 eis
2387 4251 2491 4328 qui
2536 4255 2697 4311 trans
2742 4271 2918 4312 ocea-
3039 4325 3048 4334 l
3169 4247 3170 4258 ’

520 4360 525 4365 ·
594 4358 733 4399 num
777 4343 916 4399 sunt
959 4342 1020 4398 et
1064 4337 1165 4412 qui
1209 4336 1293 4397 cis
1336 4335 1554 4412 gratias
1599 4353 1772 4409 quam
1816 4337 2065 4397 maxime
2109 4337 2366 4397 sinceras
2393 4337 2581 4397 habeo
2606 4340 2667 4395 et
2690 4354 2919 4413 semper

589 4420 842 4512 habebo.
894 4457 978 4469 --
1020 4422 1360 4483 Scribebam
1403 4420 1642 4498 Lipsiae
1687 4423 1759 4482 V.
1811 4422 1907 4482 die
1950 4422 2167 4483 mensis
2212 4423 2387 4483 Febr.
2425 4421 2660 4482 LXXV.
