3296 5369
1521 528 2024 623 aio-a

964 702 1320 792 τέγγουσαι
1363 702 1608 799 νοτίοις
1651 709 1930 789 πτερῶν,

955 802 1178 896 ῥανίσι
1212 806 1381 895 χρόα
1431 808 1933 893 δροσιζόμεναι·
1983 832 2043 877 κ.
2092 833 2148 874 τ.
2198 810 2256 873 λ.
2941 870 2944 871 ⁷

548 907 738 975 Unde
768 910 969 993 liquet
1000 904 1503 995 Aristophanem
1533 913 1899 996 vituperare
1937 913 2112 996 quod
2143 911 2211 974 in
2242 911 2572 996 Euripidis
2614 913 2892 981 choricis

549 1013 791 1077 inesset
847 1013 1049 1078 nimia
1104 1015 1406 1079 mollities
1466 1021 1529 1080 et
1571 1013 1919 1079 artificiosa
1962 1015 2250 1080 colorum
2292 1014 2602 1097 varietaS,
2663 1035 2895 1098 parum

551 1113 1043 1185 cohaerentibus
1089 1115 1427 1187 sententiis
1471 1137 1615 1181 cum
1660 1117 1931 1181 invicem
1974 1125 2109 1182 tum
2153 1104 2297 1180 cum
2328 1117 2575 1181 actione
2612 1115 2893 1198 fabulae,

551 1237 696 1281 cum
741 1217 1000 1299 quidem
1045 1216 1278 1283 chorus
1323 1236 1530 1301 paene
1575 1217 1898 1282 desineret
1943 1218 2120 1301 apud
2171 1216 2548 1301 Euripidem
2590 1217 2889 1301 proprias

553 1326 769 1401 partes
814 1338 1004 1401 agere
1049 1338 1167 1385 nec
1210 1318 1491 1383 multum
1522 1318 1661 1402 jam
1706 1310 1957 1384 diversa
2002 1326 2220 1384 essent
2256 1319 2516 1384 chorica
2535 1319 2895 1405 Euripxidea

555 1421 637 1486 ab
683 1420 1116 1485 embolimaeis
1161 1421 1555 1485 carminibus
1601 1421 1825 1503 qualia
1851 1420 2106 1504 Agatho
2152 1420 2392 1485 fabulis
2437 1422 2569 1486 suis
2601 1421 2893 1493 inseruit.

554 1523 897 1605 Similiter,
960 1536 1188 1605 nempe
1258 1522 1387 1587 alia
1451 1521 1750 1605 fingendo
1810 1525 2099 1604 omnim,
2170 1523 2300 1587 alia
2356 1529 2427 1588 ut
2490 1524 2558 1587 in
2617 1526 2889 1588 centone

554 1614 1008 1740 con2ectend0‚
1069 1624 1377 1689 instituit·
1404 1624 1738 1708 paroffdiam
1781 1623 2248 1708 Aristophanes
2306 1626 2544 1709 speciei
2589 1623 2891 1710 (τρόπου)

555 1726 1118 1799 monodiarum
1162 1725 1514 1809 Euripidis,
1558 1747 1724 1809 quae
1768 1747 1911 1790 cum
1954 1732 2190 1791 novata
2246 1727 2504 1797 omnino
2552 1732 2767 1791 essent
2811 1727 2890 1792 ab

557 1828 871 1910 Euripide
900 1835 1041 1902 tum
1071 1828 1275 1893 multa
1318 1826 1646 1892 habebant
1679 1848 1843 1909 quae
1871 1829 1940 1892 in
1974 1829 2541 1912 reprehensionum
2574 1828 2915 1916 caderent.⁴

560 1930 718 1995 Cum
736 1931 995 2012 quidem
1012 1927 1449 2011 Aristophane
1466 1950 1751 1994 somnem
1765 1929 2098 1995 mollitiem
2118 1952 2157 1993 a
2178 1930 2514 2013 tragoedia
2532 1931 2893 2015 sejunctam

559 2053 697 2096 esse
739 2032 948 2113 vellet,
996 2031 1209 2105 inerat
1263 2032 1330 2094 in
1377 2030 1694 2096 monodiis
1740 2029 2108 2113 Euripideis
2161 2031 2490 2097 uberrima
2546 2031 2894 2098 affectuum

557 2134 784 2199 effusio
844 2140 939 2199 etae
965 2133 1305 2216 mollitieS,
1350 2152 1630 2220 prorsus
1705 2133 1994 2215 neglecta
2048 2154 2345 2198 versuum
2402 2133 2652 2199 ratione
2728 2134 2891 2199 anti-

559 2236 918 2319 strophica,
966 2256 1138 2321 *cum
1198 2235 1372 2299 modi
1428 2256 1624 2318 quam
1678 2237 1957 2300 maxime
2014 2237 2176 2300 varii
2236 2237 2688 2315 convenientes
2749 2256 2892 2301 cum

555 2339 750 2403 variis
797 2337 1334 2403 concitationibus
1380 2337 1579 2402 animi
1608 2338 1689 2402 in
1735 2358 1864 2402 una
1905 2344 2103 2421 atque
2148 2336 2373 2402 eadem
2416 2338 2718 2402 monodia
2745 2356 2890 2420 pro-

554 2441 680 2505 lati·
719 2439 918 2506 fuisse
961 2425 1328 2514 'videantum
1375 2438 2263 2523 (of.Arist0tet.P1-0b1.x1x
2290 2439 2888 2523 6.;p.918a.11.12.

558 2524 959 2631 παθητιιιὸν
997 2535 1126 2627 γάρ
1175 2541 1254 2605 τὸ
1298 2538 1640 2624 α’νωμαλὲς
1700 2541 1817 2603 καὶ
1860 2540 1929 2603 ἐν
1959 2536 2252 2625 μεγέθει
2298 2539 2498 2627 τύχης
2543 2533 2585 2620 ἢ
2632 2539 2888 2620 λύπης)

558 2666 685 2729 quo
731 2644 1076 2732 accedebat
1122 2644 1295 2727 quod
1338 2663 1440 2708 res
1487 2662 1655 2726 quae
1698 2643 2113 2710 volvebantur
2156 2664 2349 2727 saepe
2402 2643 2561 2710 satis
2607 2643 2790 2708 leves.
2820 2663 2895 2706 ac

557 2747 1179 2811 minoris'momenti
1223 2752 1409 2811 erant
1452 2767 1645 2828 quam
1702 2766 1821 2830 pro
1868 2750 2055 2814 tanta
2095 2744 2453 2812 affectuum
2495 2745 2885 2829 profusione.

854 2835 1024 2912 Rau.
1074 2849 1253 2912 1331.
1313 2837 1362 2911 ὦ
1403 2846 1667 2921 Νυκτὸς
1713 2845 2165 2932 κελαινοφαὴς

1318 2946 1568 3035 ὄρφνα,
1615 2935 1920 3025 τίνα”μοι

1288 3051 1651 3117 ’δύστανον
1695 3048 1958 3134 ὄνειρον
2002 3073 2060 3116 κ.
2111 3074 2163 3113 τ.
2210 3050 2268 3114 λ.
2607 3119 2612 3126 ,
2889 3109 2898 3118 .

559 3157 861 3220 nimirum
931 3157 1326 3219 lamentatur
1400 3154 1776 3221 muliercula
1842 3154 2066 3238 aliqua
2126 3153 2369 3236 gallum
2443 3152 2892 3237 gallinaceum,

558 3279 703 3322 cum
745 3260 890 3341 ipsa
937 3256 1327 3341 dormiverit,
1373 3279 1414 3322 a
1457 3258 1669 3321 vicina
1710 3256 1978 3321 muliere
2022 3256 2356 3339 abreptum
2396 3254 2629 3332 fuisse3
2700 3277 2895 3340 quam

557 3380 694 3423 rem
735 3360 928 3424 vilem
987 3358 1250 3422 exhibet
1309 3357 1654 3423 admodum
1696 3357 2001 3422 flebiliter
2045 3363 2111 3422 et
2155 3356 2537 3439 affectuose3
2605 3379 2722 3423 nec
2765 3380 2895 3423 non

559 3460 943 3545 repetitione
987 3460 1353 3525 verborum.
1387 3466 1653 3526 notatur
1711 3458 2151 3545 σχετλιασμός
2206 3460 2462 3543 qualem
2518 3460 2603 3525 ad
2660 3482 2895 3545 augen-

563 3563 715 3628 dum
761 3562 1061 3629 affectum
1107 3561 1414 3626 adhibere
1460 3562 1801 3646 Euripides
1848 3557 2210 3626 adamabat.

870 3665 1123 3730 1338-
1169 3664 1381 3752 φόνια
1428 3660 1634 3749 φόνια
1680 3660 2086 3748 δερκόμενον

1177 3764 1507 3846 μεγάλους
1550 3763 1780 3850 ὄνυχας
1821 3765 2060 3849 ἔχοντα

774 3857 803 3953 γ’
872 3872 1036 3936 1352
1175 3870 1208 3933 ό
1256 3868 1314 3932 δ’
1357 3866 1669 3933 ἀνέπτατ’
1718 3864 2046 3931 ἅνέπτατ’
2090 3866 2152 3940 ἐς
2195 3865 2453 3950 αἰθέρα
2478 3872 2550 3952 1¹)

705 4080 787 4143 11)
825 4078 1003 4130 Etiam
1040 4075 1229 4129 clarior
1265 4072 1324 4127 fit
1357 4091 1443 4127 res
1479 4090 1599 4127 cum
1633 4089 1812 4125 versus
1846 4069 2130 4126 vernaculo
2164 4073 2458 4128 reddideris
2494 4089 2767 4125 sermone:

1039 4162 1116 4214 Er
1153 4158 1368 4228 entflog,
1410 4158 1507 4212 ach
1544 4157 1740 4227 entflog
1774 4158 1832 4211 in
1868 4158 1969 4211 den
2005 4158 2205 4212 Aether
2240 4158 2437 4223 hincin,

1036 4246 1152 4300 Auf
1180 4245 1491 4300 leichtesten
1527 4243 1740 4314 Spitzen
1776 4243 1871 4315 der
1908 4241 2243 4312 Schwingen,

1038 4330 1288 4395 Jammer,
1328 4330 1426 4383 ach
1462 4329 1699 4382 Jammer
1730 4346 1830 4380 nur
1863 4327 1985 4381 liess
2021 4346 2079 4381 er
2100 4328 2325 4390 zuriick,

1037 4417 1299 4480 Thranen,
1341 4415 1438 4469 ach
1470 4415 1719 4469 Thi-auen
1755 4431 1849 4466 aus
1883 4413 1984 4466 den
2010 4413 2215 4481 Augen
2250 4413 2395 4467 mein

1041 4503 1269 4575 Vergoss
1304 4501 1389 4555 ich
1420 4504 1602 4558 Arme.
1641 4530 1711 4539 --
