3296 5369
530 584 557 613 ’
1518 619 1596 659 ³-.
1683 581 1766 659 26
1852 622 1933 639 ·-
1963 640 1966 643 >

558 769 643 824 an
685 749 829 826 ulla
869 750 1096 842 utique
1139 750 1503 833 intercedat
1546 759 1750 843 ratio3
1794 782 1990 845 quam
2032 781 2170 827 rem
2211 778 2331 853 pro
2374 759 2664 828 instituto
2694 758 2898 828 libelli

500 894 501 897 ¹
554 881 691 929 non
721 861 1257 945 praetermittam,
1287 862 1384 926 ita
1411 882 1561 927 vero
1599 866 1688 944 ut,
1734 883 1901 945 quae
1937 885 2056 948 pro
2086 864 2221 930 veri
2252 862 2570 929 similibus
2598 862 2893 950 habeam,

555 961 836 1028 breviter
894 966 1288 1048 proponam,
1346 984 1490 1029 cum
1550 963 1869 1048 copiosior
1922 966 2019 1030 rei
2075 964 2507 1049 pertractatio
2562 965 2897 1050 proprium

554 1069 625 1131 et
669 1065 1059 1149 peculiarem
1107 1064 1231 1131 sibi
1265 1066 1572 1151 deposcat
1602 1065 1912 1131 libellum.
1933 1104 2012 1116 -—
2044 1069 2268 1145 Zastra
2296 1068 2417 1147 (De
2434 1066 2895 1153 Aristophanis

557 1166 1151 1267 Ecclesiazusarum
1180 1166 1436 1239 fabulae
1461 1167 1859 1251 temporibus
1888 1148 2085 1252 atque
2116 1169 2385 1236 consilio
2413 1169 2893 1257 Vratisl.1836)

556 1276 755 1354 negat
794 1269 1115 1352 rationem
1159 1270 1361 1336 ullam
1403 1270 1823 1353 intercedere,
1868 1258 2262 1356 argumentis
2294 1292 2443 1338 vero
2477 1280 2633 1337 usus
2665 1292 2896 1356 parum

555 1370 839 1448 idoneis3
900 1372 1145 1439 scilicet
1187 1372 1404 1459 multis
1465 1371 1833 1457 discrepare
1890 1374 2173 1439 numeris
2217 1395 2387 1458 quae
2431 1375 2605 1458 apud
2649 1372 2895 1440 Aristo-

528 1462 840 1558 ‘phanem
884 1477 951 1538 et
980 1493 1147 1556 quae
1185 1473 1362 1558 apud
1396 1474 1734 1541 Platonem
1770 1476 2203 1543 inveniantur.
2291 1474 2679 1558 Discrepant
2708 1498 2893 1554 sane3

556 1575 717 1659 quid
760 1597 912 1642 vero
955 1576 1163 1659 magis
1207 1577 1544 1661 proprium
1584 1582 1648 1642 et
1683 1576 1873 1660 quasi
1899 1599 2131 1645 munus
2159 1584 2255 1644 est
2285 1570 2670 1651 comicorum
2700 1600 2892 1661 quam

561 1686 953 1763 exaggerare
1019 1684 1082 1743 et
1144 1677 1229 1742 ad
1286 1678 1707 1763 turpitudinis
1774 1681 2106 1801 quandam
2171 1681 2447 1766 speciem
2513 1679 2891 1766 detorquere

560 1914 895 1986 temporibus
935 1914 1156 1969 diversis
1206 1923 1260 1969 et
1304 1915 1508 1971 ratione
1554 1932 1620 1969 ea
1664 1934 1798 1987 quae
1833 1916 2047 1989 penitus
2082 1917 2150 1970 sit
2182 1918 2389 1973 diversa
2422 1936 2453 1971 a
2486 1934 2727 1972 successu
2760 1924 2894 1972 tem·

530 2066 533 2069 Ι
562 2017 751 2070 porum
797 1999 898 2053 isto
935 2018 1040 2071 quo
1078 1999 1263 2054 confici
1295 1998 1464 2055 soleat
1496 2000 1725 2072 quidque
1775 2019 1908 2072 opus
1943 2001 2272 2073 aliquantum
2307 2003 2497 2073 majus.
2569 2034 2638 2043 —
2702 2000 2890 2056 Libros

556 2084 784 2138 v-vn
820 2084 965 2141 haud
1001 2084 1164 2138 dubie
1205 2089 1348 2184 (pag.
1388 2088 1512 2149 540)
1549 2085 1769 2139 insertos
1803 2086 1962 2140 fuisse
2012 2093 2197 2156 postea
2230 2086 2368 2140 inter
2400 2085 2565 2141 libros
2598 2086 2801 2140 II--IV
2836 2093 2891 2140 et

556 2169 835 2235 VIII-X,
877 2170 1071 2241 quibus
1106 2171 1279 2240 magis
1313 2171 1474 2225 fuerit
1508 2171 1901 2243 comprobanda
1935 2171 2199 2226 sententia
2242 2171 2310 2226 de
2344 2172 2626 2229 mulierum
2661 2188 2892 2249 commu-

551 2255 713 2310 nione
750 2263 806 2309 et
841 2255 1130 2311 earundem
1166 2255 1572 2328 participatione
1608 2256 1663 2310 in
1698 2256 2005 2311 muneribus
2039 2255 2281 2313 civilibus
2316 2257 2579 2321 omnibus,
2620 2262 2702 2323 (--Μ
2744 2256 2889 2328 quod

551 2334 713 2415 antea
757 2341 947 2396 leviter
990 2348 1199 2396 tantum
1237 2359 1335 2395 nec
1370 2340 1533 2394 fusius
1570 2341 1868 2411 expositum
1903 2342 2111 2405 fuisset)
2159 2350 2222 2397 ut
2267 2343 2718 2413 redarguerentur·
2756 2358 2890 2413 quae

551 2426 839 2481 adversarii
873 2427 1191 2499 objecissent
1223 2444 1331 2481 non
1366 2443 1522 2497 posse
1571 2426 1683 2479 fieri
1716 2434 1778 2481 ut
1811 2426 2087 2497 exequaris
2121 2427 2284 2481 talem
2326 2428 2641 2492 doctrinam,
2682 2435 2737 2480 et
2770 2444 2890 2480 eam

547 2528 735 2582 parum
787 2512 991 2567 utilem.
1088 2512 1242 2566 Haec
1298 2521 1379 2566 est
1446 2512 1739 2565 Hermanni
1805 2512 2085 2568 sententia.
2156 2545 2227 2553 —
2295 2512 2519 2575 Accedit
2586 2508 2892 2566 Gellianum

549 2595 686 2651 illud
724 2598 906 2659 (Noct.
945 2597 1061 2652 Att.
1101 2597 1234 2650 XIV
1269 2601 1322 2662 3)
1374 2596 1442 2650 de
1495 2596 1742 2663 „duobus
1787 2597 1898 2650 fere
1945 2596 2093 2652 libris
2127 2599 2218 2669 qui
2252 2595 2406 2670 primi
2440 2599 2497 2653 in
2531 2597 2717 2669 volgus
2749 2596 2892 2649 exie-

548 2688 739 2736 rant.“
808 2714 879 2725 -·
954 2682 1086 2739 Tale
1122 2683 1415 2754 quidquam
1448 2681 1723 2754 probabile
1757 2681 1969 2737 videtur
2016 2682 2177 2740 etiam
2210 2686 2274 2739 P.
2314 2684 2596 2740 Schustero
2634 2680 2894 2746 (Heraclit

549 2767 661 2822 und
698 2768 944 2839 Sophron
985 2768 1039 2821 in
1074 2766 1445 2826 Platonischen
1484 2769 1693 2836 Citaten
1728 2768 1869 2822 Mus.
1908 2768 2088 2823 Rhen.
2120 2770 2250 2825 1874
2273 2789 2330 2842 p.
2352 2771 2457 2836 617
2470 2771 2610 2840 sqq.)
2646 2765 2891 2819 nimirum

553 2852 784 2924 priorem
833 2849 1088 2924 Reipubl.
1141 2852 1473 2924 particulam,
1531 2852 1971 2923 complectentem
2017 2854 2222 2923 copiam
2242 2920 2245 2923 .
2269 2861 2443 2908 certae
2491 2849 2883 2923 amphit-udinis,

548 2938 752 2992 editam
788 2939 950 2993 fuisse
988 2936 1434 3009 aut'paullo'ante
1457 2946 1552 2993 aut
1572 2937 1749 3009 paullo
1774 2947 1894 3009 post
1915 2938 2143 3009 primum
2166 2939 2269 2992 iter
2287 2957 2319 2992 a
2335 2938 2558 2993 Platone
2581 2937 2635 3010 in
2662 2934 2891 2991 Siciliam

546 3023 764 3078 factum.
842 3055 900 3068 --
975 3024 1242 3096 Equidem
1289 3030 1416 3094 puto
1463 3022 1661 3077 multas
1707 3023 1866 3077 fuisse
1912 3041 2110 3088 causas,
2151 3023 2343 3094 quibus
2379 3029 2672 3077 commotus
2722 3020 2890 3074 satis

545 3118 821 3165 mature
857 3097 1086 3165 scribere
1121 3108 1370 3163 debuerit
1400 3107 1600 3163 librum
1633 3108 1863 3180 aliquem
1895 3109 1951 3162 in
1974 3126 2078 3179 quo
2102 3110 2320 3163 tandem
2352 3114 2645 3180 exponeret
2668 3124 2790 3159 cum
2822 3105 2889 3159 de

544 3196 762 3264 notione
791 3195 924 3268 justi
955 3202 1074 3249 tum
1108 3194 1179 3248 de
1210 3194 1416 3248 ratione
1433 3235 1446 3260 ,
1497 3212 1603 3265 qua
1635 3194 1850 3247 demum
1883 3192 2238 3264 tranquillitas
2287 3201 2344 3248 et
2376 3194 2612 3247 omnium
2648 3192 2893 3247 ordinum

545 3286 831 3334 concentus
866 3280 1231 3335 institueretur
1264 3278 1322 3332 in
1357 3279 1641 3350 republica.
1702 3278 1945 3337 Quorum
1975 3278 2191 3349 quidem
2215 3280 2358 3350 prius
2384 3277 2533 3350 quasi
2561 3277 2758 3332 restitit
2787 3275 2889 3330 sibi

546 3382 615 3420 ex
650 3366 883 3420 Socratis
920 3362 1216 3436 disciplina,
1258 3365 1350 3435 qui
1382 3381 1497 3417 rem
1521 3363 1736 3418 minime
1758 3363 2073 3434 expleverat,
2110 3364 2334 3419 alterum
2357 3371 2535 3422 autem
2565 3361 2890 3432 intellegitur

549 3469 617 3505 ex
652 3450 815 3522 ipsius
837 3449 1078 3505 Platonis
1102 3449 1260 3504 rebus
1279 3448 1587 3519 5gentilibus
1622 3456 1677 3503 et
1710 3466 1889 3504 rerum
1932 3449 2125 3504 deinde
2165 3467 2197 3503 a
2231 3467 2394 3520 puero
2422 3456 2694 3519 gestarum
2725 3448 2779 3501 in
2807 3464 2890 3500 re-⁴

543 3533 758 3607 publica
793 3536 962 3601 serie3
1015 3536 1165 3606 cujus
1199 3535 1415 3606 quidem
1448 3536 1529 3590 rei
1567 3534 2031 3605 deprehenduntur
2064 3533 2275 3605 vestigii
2308 3535 2363 3588 in
2389 3534 2746 3605 compluribus
2780 3532 2891 3587 dia-

545 3621 682 3692 logis
722 3628 845 3675 ante
883 3635 1085 3675 annum
1105 3624 1203 3676 392
1239 3628 1300 3674 ut
1334 3620 1542 3675 videtur
1576 3620 1895 3690 conscriptis.
1969 3620 2091 3674 Huc
2117 3619 2347 3692 pertinet
2381 3620 2628 3691 frequens
2657 3616 2753 3672 illa
2773 3634 2888 3671 sen-

545 3707 714 3761 tentia
747 3707 815 3761 de
849 3725 915 3761 eo
944 3707 1087 3778 quod
1113 3706 1494 3761 Themistocles
1512 3703 1738 3760 Pericles
1758 3704 1954 3775 aliique
1981 3704 2035 3757 in
2055 3705 2328 3776 republica
2349 3705 2542 3762 summi
2565 3702 2662 3758 viri
2682 3721 2751 3757 ne
2773 3702 2891 3756 filiis

547 3791 768 3863 quidem
801 3799 1004 3846 rectam
1037 3791 1299 3846 rationem
1334 3790 1686 3845 instituendae
1706 3788 2047 3861 'reipublicae
2080 3789 2437 3846 tradidissent.
2487 3787 2664 3843 Alcib.
2680 3788 2776 3859 Ip.
2794 3790 2892 3842 118

550 3876 735 3933 Meno,
777 3894 831 3948 p.
869 3881 938 3931 93
973 3877 1104 3931 item
1140 3877 1196 3930 in
1231 3877 1537 3946 Protagora.
1609 3903 1675 3914 --
1744 3874 1831 3929 De
1866 3874 2009 3928 malo
2054 3875 2198 3945 quod
2231 3877 2303 3930 sit
2333 3875 2388 3928 in
2422 3874 2736 3929 factionibus
2770 3870 2894 3925 civi-
2951 3867 2958 3874 ’

548 3961 673 4016 tatis
692 4001 706 4027 ,
768 3961 944 4016 Alcib.
971 3959 1080 4034 1'p.
1114 3964 1211 4018 127
1225 3980 1338 4034 sqq.
1380 3962 1538 4028 (bene
1575 3959 1920 4015 constitutum
1956 3960 2069 4013 fore
2104 3958 2482 4030 rempublicam
2516 3967 2630 4014 tum
2663 3958 2894 4029 primum

544 4063 667 4100 cum
703 4064 898 4102 suum
933 4049 1228 4119 quisque
1276 4053 1551 4101 acturus
1596 4045 1683 4110 sit,
1724 4043 1961 4116 alioquin
1994 4061 2268 4116 nunquam
2299 4044 2558 4099 unitatem
2591 4044 2650 4098 in
2683 4042 2893 4097 civitate

546 4131 702 4197 fore).
777 4132 1003 4206 Accedit
1037 4132 1281 4202 Clitopho
1335 4136 1513 4204 (quem
1550 4147 1670 4185 cum
1706 4130 1775 4185 G.
1813 4130 2001 4186 Grotio
2051 4130 2231 4184 tribuo
2268 4129 2476 4184 Platoni
2522 4136 2577 4183 et
2609 4136 2737 4200 puto
2772 4143 2891 4181 con-

545 4217 804 4288 scriptum
839 4226 963 4272 ante
999 4234 1063 4274 ea
1099 4234 1235 4288 quae
1252 4214 1600 4287 Reipublicae
1634 4216 1814 4286 priora
1835 4215 2061 4270 ediderit
2083 4215 2280 4280 Plato.)
2305 4231 2424 4285 pag.
2447 4218 2549 4269 409
2585 4210 2759 4280 „illud
2775 4226 2890 4267 esse

544 4320 740 4358 munus
789 4303 1031 4375 justitiae
1081 4301 1352 4374 proprium
1389 4302 1676 4356 amicitiam
1724 4308 1779 4355 et
1822 4308 2134 4355 concentum
2179 4300 2235 4354 in
2280 4297 2581 4355 ciuitatibus
2616 4298 2891 4354 efficere.“

546 4388 686 4441 Puto
726 4386 889 4457 igitur
912 4388 981 4441 ‘in
1013 4386 1280 4458 prioribus
1315 4384 1421 4439 illis
1457 4405 1488 4440 a
1523 4384 1744 4441 Platone
1780 4384 1938 4438 editis
1985 4384 2203 4438 infuisse
2247 4402 2365 4439 cum
2399 4385 2702 4440 universam
2731 4381 2895 4437 ratio-

546 4489 672 4526 nem
723 4472 1081 4526 constituendi
1129 4471 1395 4525 civitatem
1413 4509 1428 4537 ,
1501 4479 1625 4525 tum'
1663 4471 1729 4525 de
1777 4469 2060 4524 mulierum
2104 4469 2161 4525 in
2209 4470 2417 4524 civitate
2462 4468 2786 4536 muneribus,
2823 4473 2898 4509 -ὲ

546 4556 765 4614 brevius
786 4565 968 4612 tamen
987 4586 1056 4596 —-
1078 4572 1237 4632 quam
1260 4573 1374 4611 rem
1409 4563 1593 4628 postea
1624 4555 1911 4611 fusioribus
1935 4555 2257 4628 argumentis
2277 4552 2452 4610 denuo
2477 4553 2772 4610 elaboravit
2807 4597 2821 4613 .
2840 4594 2853 4608 .
2874 4596 2887 4612 .
