3296 5369
1436 478 1513 563 ς..
1600 511 1853 590 271-

468 683 804 749 materiem
849 704 1045 768 quam
1086 658 1376 752 tractant
1392 685 1421 748 Ρ
1439 721 1522 733 -
1566 683 1912 748 Praeterea
1939 681 2228 766 neglexit
2256 676 2488 752 Zastra
2522 683 2808 769 omnino,

471 785 851 853 accuratius„
884 786 1225 880 ‘inquirere
1278 786 1360 851 de
1412 787 1715 853 universa
1755 783 2176 868 Reipublicae
2217 782 2508 851 Platonis
2551 786 2806 853 ratione
2837 853 2849 871 ¹

469 894 531 954 et
583 893 930 953 structura.
974 925 1057 937 --
1142 887 1623 954 Zimmermann
1690 886 1829 968 „De
1871 885 2333 969 Aristophanis
2392 893 2460 952 et
2507 886 2803 953 Platonis

468 990 750 1067 amicitia
792 996 902 1056 aut
943 989 1312 1057 simultate“
1358 1028 1437 1039 —
1468 989 1672 1054 Marb.
1718 986 1984 1074 (annus,
2007 1009 2139 1054 non
2181 987 2444 1077 additus
2489 993 2610 1070 est)
2659 1010 2805 1054 cum
2908 1000 2912 1005 ’
2954 1072 2957 1081 ἢ

349 1108 355 1114 ’
463 1097 536 1156 et·
571 1082 711 1177 ipse
754 1092 944 1176 idem,
990 1091 1165 1177 quod
1193 1091 1438 1177 Zastra,
1495 1097 1711 1175 negat,
1745 1095 1885 1155 tum
1930 1085 2156 1155 eadem
2198 1089 2334 1155 fere
2362 1110 2595 1178 parum
2625 1096 2805 1156 certa

474 1214 640 1277 quae
682 1195 772 1277 Z.,
816 1193 1095 1278 profert3
1168 1193 1528 1278 peculiaria
1566 1212 1717 1261 vero
1760 1213 1929 1277 quae
1973 1190 2260 1276 profert,
2318 1208 2397 1255 ea
2440 1199 2595 1256 sunt
2637 1212 2805 1276 quae

436 1284 818 1360 ‘certissime
876 1316 1020 1359 cum
1063 1315 1208 1361 mea
1250 1294 1501 1360 faciunt
1542 1295 1899 1377 sententia,
1961 1293 2137 1377 quod
2201 1292 2374 1359 infra
2424 1293 2632 1359 fusius
2677 1295 2804 1360 dis-

460 1395 817 1479 putabitur.
907 1393 1197 1481 Uterque
1267 1396 1530 1481 quidem
1601 1398 1944 1462 Laconum«
1990 1394 2184 1459 rebus
2242 1396 2454 1460 utitur
2495 1414 2614 1479 pro
2658 1417 2801 1481 per-

459 1497 636 1582 fugio
710 1498 824 1563 ubi
900 1499 1111 1563 minus
1179 1499 1481 1565 videntur
1540 1520 1645 1564 res
1702 1499 2025 1583 quadrare
2082 1498 2153 1561 in
2217 1496 2576 1585 sent‘entiasq
2632 1518 2804 1564 suaS.

459 1601 760 1685 Denique
818 1599 1118 1665 dubitare
1177 1622 1279 1666 me
1338 1600 1481 1666 dico
1527 1589 1610 1665 an
1648 1601 1832 1686 justa
1883 1604 2219 1683 rectaque.
2235 1599 2464 1683 utique
2509 1599 2597 1664 sit
2637 1600 2802 1666 ratio

374 1696 381 1702 ’
468 1701 909 1786 quaestionis,
969 1724 1164 1786 quam
1227 1701 1291 1769 C.
1334 1703 1404 1767 F.
1449 1702 1857 1767 Hermannus
1904 1699 2317 1781 (Geschichte
2377 1701 2512 1766 und
2554 1707 2803 1787 System

374 1792 377 1793 ⁷
473 1806 587 1868 der
629 1804 1088 1871 Platonischen
1130 1803 1368 1870 Philos.
1413 1802 1446 1867 Ι
1487 1804 1615 1868 590
1658 1810 1823 1888 sqq.)
1869 1802 2155 1888 profert3
2227 1803 2532 1868 nimirum
2576 1825 2660 1868 an
2689 1825 2801 1868 -re-
2827 1808 2860 1845 Κ

466 1927 621 1971 vera
664 1912 800 1970 tam
842 1907 1115 1990 insignis
1158 1910 1299 1971 tum
1339 1905 1538 1971 fuisse
1581 1905 1914 1990 putandus
1960 1906 2046 1970 sit
2088 1895 2300 1988 Plato,
2360 1910 2436 1985 ut
2485 1906 2801 1991 integram

465 1996 952 2073 adversusfeum
981 2006 1385 2072 conscribere
1404 2008 1724 2090 potuisset
1738 2006 2207 2090 Aristophanes
2252 2004 2585 2072 fabulam?
2639 2007 2804 2074 Tum
2892 2020 2896 2029 ‘

462 2129 724 2175 necesse
781 2108 980 2175 fuisse
1037 2109 1469 2174 nominaverit
1527 2129 1672 2173 eum
1727 2116 1799 2174 ut
1853 2107 2138 2172 efficeret
2182 2128 2350 2190 quae
2408 2109 2535 2175 sibi
2587 2110 2801 2176 vellet.
2913 2143 2923 2152 ·

352 2247 355 2251 ·
457 2211 565 2276 Re
591 2231 655 2275 m
698 2210 1271 2281 insolentissimam
1320 2196 1476 2277 sane
1518 2212 1768 2296 potuit,
1827 2210 1956 2275 imo
2003 2209 2229 2276 debuit
2272 2211 2342 2275 in
2383 2232 2571 2276 usum
2615 2233 2803 2277 suum

464 2318 833 2377 convertere
878 2313 1157 2379 comicus
1175 2362 1194 2397 ,
1267 2312 1494 2389 minus
1526 2313 1752 2379 habita
1793 2313 2049 2377 ratione
2094 2332 2178 2377 an
2220 2310 2325 2375 hic
2370 2312 2560 2377 illeve
2603 2312 2805 2378 fuerit

460 2421 722 2490 auctor3
784 2421 850 2480 et
892 2413 1212 2479 nominari
1258 2415 1518 2496 quidem
1560 2414 1897 2479 Platonem
1942 2414 2137 2498 (Eccl.
2185 2414 2333 2494 647)
2380 2413 2452 2478 εἴ
2486 2435 2562 2478 σε
2606 2413 2802 2502 φιλὴ-
2839 2427 2846 2434 ·

462 2538 645 2581 σειεν
688 2514 1108 2601 Αρίστυλλος
1169 2512 1456 2603 φάσκων
1516 2511 1722 2581 αὑτοῦ
1779 2514 2013 2598 πατέρ’,
2072 2503 2293 2578 εἷναιι(
2341 2553 2424 2564 -—-
2464 2515 2804 2599 probabile

461 2616 679 2683 reddit
720 2616 1101 2704 Meinekius,
1145 2619 1544 2703 argumentis
1586 2638 1761 2703 usuS‚
1806 2626 1883 2701 ut
1923 2617 2111 2702 solet,
2156 2618 2554 2684 certissimis.
2639 2618 2802 2683 Hist.

463 2721 601 2786 crit.
647 2743 709 2805 p.
754 2721 897 2786 288.
1900 2709 1912 2724 ⁶
1947 2717 1950 2720 ’

637 2827 855 2907 Atque
898 2822 1158 2906 quidem
1203 2823 1672 2888 sententiarum
1712 2822 1975 2888 illarum
2017 2822 2178 2887 satis
2221 2819 2639 2889 insolentium
2680 2845 2802 2909 pro

470 2924 836 3002 Atticorum
892 2924 1226 2992 hominum
1283 2926 1535 2991 ratione
1597 2924 1765 2991 aliae
1821 2923 2129 3009 leguntur
2186 2923 2382 2989 hodie
2429 2926 2690 3009 quidem
2733 2926 2803 2990 in

462 3025 631 3091 libro
663 3026 760 3092 ΠΙ
784 3030 868 3112 (p.
897 3027 1024 3091 416
1057 3028 1174 3099 (1.);
1221 3028 1513 3108 custodes
1559 3027 1791 3093 debere
1836 3046 2056 3091 omnes
2111 3046 2331 3091 carere
2372 3027 2689 3110 peculiari
2730 3049 2802 3092 re

464 3126 771 3193 familiari
816 3135 1013 3211 atque
1056 3130 1157 3195 uti
1198 3130 1519 3195 communi
1560 3130 1754 3210 victu,
1801 3129 1915 3211 qui
1943 3137 1986 3191 a
2024 3129 2281 3193 civitate
2317 3129 2646 3208 (nimirum
2670 3130 2805 3213 opi-

462 3227 696 3295 ficibusv
719 3231 1173 3316 agricolisque)
1194 3225 1611 3317 praebendus
1633 3231 1837 3312 sit.b—
1857 3229 2251 3316 Concubitus
2268 3230 2441 3315 (libr.
2458 3231 2547 3297 IV
2568 3249 2631 3314 p.
2646 3231 2801 3318 424)

467 3339 530 3397 et
557 3331 796 3402 liberos
825 3333 1210 3417 procreandi
1238 3338 1631 3418 potestatem
1657 3354 1787 3397 non
1811 3333 2087 3417 amplius
2121 3332 2353 3397 debere
2382 3333 2652 3416 singulis
2681 3353 2801 3416 pro

362 3469 373 3480 ι
467 3433 774 3499 arbritrio
819 3435 1030 3500 licere.
1116 3433 1375 3500 Indoles
1421 3441 1640 3502 autem
1684 3434 2017 3500 custodum
2061 3440 2136 3499 ut
2179 3434 2403 3513 eadem
2446 3436 2517 3499 in
2550 3436 2805 3501 ratione

466 3536 901 3620 perduratura
946 3537 1067 3622 sit,
1127 3537 1484 3603 curandum
1528 3557 1669 3604 esse
1712 3557 1822 3621 eo,
1879 3535 2052 3620 quod
2092 3535 2318 3602 eadem
2360 3538 2530 3603 ratio
2576 3538 2803 3604 educa-

465 3639 663 3705 tionis
709 3657 960 3722 semper
1004 3637 1413 3708 adhibeatur.
1497 3644 1661 3705 Tum
1703 3639 1843 3704 fore
1888 3648 1976 3722 (p.
1997 3638 2152 3724 425)
2196 3643 2271 3703 ut
2298 3676 2375 3686 —
2424 3639 2598 3722 quod
2622 3639 2807 3705 vnunc

463 3738 711 3808 trustra
747 3742 1136 3823 quaesiveris
1153 3781 1229 3791 —-
1248 3750 1320 3808 ut
1347 3763 1566 3808 omnes
1597 3741 2042 3808 adulescentes
2071 3740 2292 3805 debita
2315 3742 2560 3825 pietate
2587 3742 2807 3808 colant

469 3844 758 3906 seniores
820 3844 888 3907 in
933 3845 1189 3909 civitate
1232 3845 1468 3909 viros.“
1553 3845 1785 3909 Fusius
1829 3842 2071 3907 eisdem
2116 3840 2195 3906 de
2241 3845 2434 3910 rebus
2494 3846 2711 3929 agitur
2727 3849 2804 3927 41)

464 3942 766 4027 deinceps
802 3943 884 4009 ab
918 3939 1108 4009 initio
1137 3945 1290 4011 libri
1320 3945 1408 4010 V:
1456 3945 1593 4031 (ubi
1648 3946 1930 4030 quidem,
1970 3965 2116 4009 cum
2159 3966 2255 4029 ea,
2301 3967 2467 4029 quae
2511 3948 2805 4033 disputat

462 4044 649 4110 Plato
705 4046 787 4110 de
831 4049 1246 4134 quaestione,
1303 4070 1388 4114 an
1440 4050 1648 4133 possit
1706 4048 1966 4112 omnino
2020 4065 2245 4112 revera
2288 4052 2598 4116 constitui
2641 4050 2808 4135 ejus-

607 4219 696 4282 41)
733 4216 816 4270 Ac
851 4217 977 4272 satis
1013 4218 1239 4288 abrupte
1276 4217 1520 4289 quidem3
1577 4216 1825 4274 nimirum
1860 4233 1981 4272 cum
2018 4215 2262 4271 Socrates
2296 4218 2349 4272 in
2386 4237 2450 4274 eo
2487 4228 2588 4286 est,
2624 4227 2686 4274 ut
2720 4238 2809 4275 ex-

378 4361 381 4362 ?
471 4308 636 4372 ponat
685 4300 752 4355 de
801 4301 1026 4357 diversis
1059 4303 1383 4375 reipublicae
1416 4304 1475 4358 in
1511 4301 1810 4357 universum
1844 4301 2151 4371 speciebuS,
2200 4305 2517 4359 Adimantus
2565 4315 2619 4360 et
2652 4306 2809 4359 Pole-

462 4385 708 4439 marchus
758 4386 966 4457 petunt'
997 4406 1027 4443 a
1077 4388 1324 4460 Socrate,
1376 4398 1451 4447 ut
1495 4389 1719 4447 fusius
1763 4398 1919 4460 agat
1970 4388 2037 4445 de
2087 4387 2369 4447 mulierum
2416 4392 2809 4467 liberorumque

462 4487 850 4530 communione.
