3296 5369
1410 540 1830 603 ..11-

1070 705 1519 789 κουφοτάταις
1562 708 1899 794 πτερύγων
1942 707 2225 790 α’κμαῖς·

1070 809 1217 894 ἐμοὶ
1263 810 1324 875 δ’
1369 808 1503 896 ἄχε’
1551 808 1691 897 ἔχε’
1735 812 2044 876 κατέλιπε

1066 908 1322 995 δάκρυα
1369 911 1628 1001 δάκρυα
1677 911 1733 977 τ’
1775 911 1890 977 ἀπ’
1936 908 2255 996 ὀμμάτων

1064 1011 1319 1096 ἔβαλον
1364 1011 1611 1102 ἔβαλον
1654 1012 1698 1078 οἱ
1744 1014 2029 1098 τλάμων.

626 1351 1194 1438 Agathonis12)
1265 1352 1497 1436 tragici
1570 1338 2086 1418 luculentissima
2128 1353 2473 1437 praebetur
2530 1355 2804 1438 parodia

459 1454 585 1540 ibi,
630 1455 743 1520 ubi
801 1454 1145 1539 Euripides
1190 1452 1754 1536 Mnesilochusque
1796 1459 2026 1537 petunt
2070 1455 2148 1520 ab
2195 1456 2306 1521 illo
2350 1459 2806 1523 vestimentum

462 1557 725 1641 quidem
785 1555 1133 1639 muliebre,
1209 1578 1353 1620 cum
1412 1557 1551 1640 ipse
1608 1554 1970 1621 molliculus
2017 1556 2216 1637 'homo
2280 1558 2565 1623 noluerit
2627 1560 2805 1625 abire

406 1676 410 1683 ’
465 1661 916 1744 speculaturus
962 1659 1029 1722 in
1086 1659 1380 1724 contione
1423 1656 1782 1722 mulierum.
1872 1657 2259 1724 Offendebat
2301 1650 2840 1745 Aristophanem?

459 1768 534 1825 ut
565 1759 896 1844 Gorgiana
943 1781 1050 1825 ars
1093 1760 1422 1825 rhetorica
1465 1758 1761 1823 adhibita
1794 1759 1873 1824 ab
1894 1759 2233 1844 Agathone
2266 1764 2333 1826 in
2363 1764 2804 1844 componendo

458 1884 644 1928 voces
681 1883 901 1947 novas,
946 1856 1009 1926 i‘n
1057 1862 1430 1926 excudendo
1480 1861 1849 1945 sententiaS,
1891 1863 2230 1929 inserendo
2274 1864 2632 1929 rhetoricas
2679 1887 2806 1931 ser-

467 1966 646 2030 moni
689 1963 968 2048 figuras3
1009 1965 1210 2027 ——ita
1251 1963 1495 2028 blanda
1540 1964 1659 2030 illa
1702 1964 2004 2030 mollities
2051 1986 2241 2048 quam
2278 1987 2317 2029 a
2345 1972 2525 2031 recta
2558 1970 2814 2033 ratione

464 2065 941 2150 tragoediarum
976 2087 1171 2148 quam
1207 2067 1483 2130 maxime
1523 2065 1798 2129 alienam
1836 2086 1972 2129 esse
2003 2068 2260 2150 putavit
2285 2070 2585 2155 comicus,
2618 2069 2813 2152 quam

466 2169 663 2252 igitur
706 2167 1220 2233 luculentissimo
1282 2168 1730 2253 specimineffl)
1772 2167 2069 2233 imitatus
2115 2174 2214 2233 est
2259 2168 2510 2235 Thesm.
2554 2172 2638 2235 43
2666 2191 2806 2255 sqq.

1035 2267 1234 2352 ἐχέτω
1281 2269 1353 2332 δὲ
1396 2267 1606 2343 πνοάς
1648 2267 1926 2353 νήνεμος
1968 2264 2212 2354 αἰθήρ,

1030 2372 1214 2453 κῦμα
1258 2369 1331 2435 δὲ
1379 2368 1628 2437 πόντου
1672 2370 1764 2452 μή
1814 2371 2184 2469 κελαὸεῐτω

1029 2470 1327 2556 γλαυκόν
1373 2479 1454 2539 .’..

1030 2575 1301 2652 πτηνῶν
1345 2597 1419 2639 τε
1464 2574 1624 2660 γένη
1675 2573 2221 2658 κατακοιμάσθω

1027 2668 1266 2796 θηρῶν
1313 2701 1348 2741 τ
1419 2675 1674 2763 αγρίων
1717 2674 1919 2754 πόδες
1963 2676 2354 2762 υλοὸρόμων

1031 2778 1125 2860 μή
1172 2781 1506 2848 λυέσθων

464 2885 849 2951 Ceterorum
897 2882 1168 2966 quidem
1199 2884 1589 2967 tragicorum
1632 2901 1898 2967 poeseos
1955 2882 2188 2947 desunt
2246 2883 2417 2948 circa
2459 2905 2627 2967 quae
2671 2907 2805 2951 cen·

463 3009 616 3052 sura
659 2984 1044 3050 exhibeatur
1086 2985 1397 3068 parodiae
1442 2983 1975 3068 Aristophanea'e,
2021 2985 2171 3052 licet
2214 3007 2344 3050 non
2390 2986 2604 3051 desint
2640 2988 2813 3072 judi-

463 3089 564 3154 cia
631 3088 952 3171 expressis
1009 3082 1270 3169 prolata
1327 3088 1569 3168 verbis,
1652 3093 1722 3151 ut
1782 3087 2128 3152 Morsimus
2187 3095 2453 3152 vocatur
2513 3089 2809 3174 frigiduS,

462 3190 783 3258 Xenocles
825 3190 1034 3253 malus
1078 3194 1305 3271 poeta3
1369 3187 1662 3254 'Stheneli
1709 3190 1966 3271 quidem
2010 3189 2207 3254 verba
2253 3190 2589 3274 (Gerytad.
2639 3193 2714 3256 fr.
2745 3194 2808 3276 9)

464 3314 594 3358 non
640 3293 768 3357 nisi
812 3290 947 3356 sale
991 3295 1057 3354 et
1101 3296 1283 3356 aceto
1329 3291 1630 3356 admixtit
1675 3290 1969 3356 devorari
2012 3310 2216 3373 posse.

602 3501 687 3562 12)
735 3497 800 3550 In
846 3493 1048 3548 Alteris
1100 3494 1661 3570 Thesmophoriazusis
1721 3493 1983 3548 rhetorica
2046 3512 2129 3549 ars
2177 3495 2474 3565 Agathonis
2534 3497 2703 3565 magis
2749 3496 2806 3550 in

355 3580 362 3591 '
460 3583 726 3656 judicium
762 3589 949 3636 vocata
985 3580 1143 3633 fuisse
1177 3581 1388 3634 videtur
1423 3580 1489 3634 cf.
1531 3580 1594 3634 fr.
1633 3585 1684 3634 9.
1739 3584 2068 3645 „dul-onon
2106 3582 2402 3650 Agathonis
2449 3598 2597 3634 more
2632 3582 2813 3635 inv-en

466 3673 626 3723 tum“
633 3709 648 3735 ‚
686 3667 809 3723 add.
850 3666 1051 3735 Agath.
1090 3666 1152 3721 fr.
1192 3671 1244 3732 6,
1287 3670 1365 3730 11,
1412 3670 1474 3720 12
1509 3666 1577 3720 N.
1621 3621 1831 3725 Quibus
1867 3665 1989 3720 add.
2032 3666 2267 3720 Platonis
2305 3666 2524 3721 Conviv.
2545 3667 2809 3721 194—197

469 3763 523 3809 et
576 3753 829 3850 optimam
879 3751 1292 3822 disputationem
1327 3750 1699 3806 Lindemanni.
1775 3752 1903 3817 „De
1938 3752 2237 3821 Agathonis
2286 3753 2524 3806 oratione
2559 3770 2695 3823 quae
2729 3760 2809 3806 est

467 3839 524 3893 in
563 3838 803 3892 convivio
839 3836 1142 3890 Platonis.“
1214 3836 1411 3891 Dresd.
1451 3836 1599 3890 1871.

618 3926 706 3989 13)
746 3922 906 3981 Quod
941 3930 1004 3976 ut
1037 3940 1144 3975 non
1178 3922 1453 3994 pai-odiam
1490 3922 1661 3975 dicam
1691 3930 1896 3976 tantum
1933 3922 2084 3976 abest
2102 3931 2163 3975 ut
2197 3922 2369 3993 potius
2404 3922 2566 3976 talem
2587 3924 2813 3977 habeam

468 4028 574 4081 qua
600 4008 828 4063 maxime
857 4008 1130 4062 excluceat
1156 4026 1239 4061 ars
1256 4006 1457 4061 Comici
1495 4006 1936 4061 conficiendarum
1974 4008 2326 4079 parodiarum.
2377 4008 2591 4062 Etenim
2610 4009 2814 4063 Aristo-

465 4095 669 4167 phanes
714 4112 821 4147 non
865 4094 999 4148 illud
1047 4094 1160 4163 agit
1193 4094 1268 4161 {ut
1301 4091 1577 4147 Platonica
1623 4092 1829 4146 ratione
1876 4092 2301 4163 mimographica
2333 4093 2567 4147 indolem
2604 4103 2814 4147 tantum

465 4180 841 4251 ingeniumque
878 4179 1156 4250 exprimat,
1192 4178 1288 4231 sed
1323 4184 1383 4230 ut
1416 4177 1713 4232 irrisionem
1750 4186 1804 4231 et
1838 4178 2309 4249 reprehensionem
2347 4178 2489 4232 edat.
