3296 5369
1423 579 1669 679 -19
1754 596 1854 661 -·

722 742 901 851 ἀλλ’
939 766 1267 852 ὁπόταν
1310 783 1606 863 πτήξωσι
1639 783 1996 870 χελιδόνες
2026 777 2127 860 εἰς
2170 778 2291 850 ἕνα
2327 778 2540 870 χῶρόν
2620 850 2628 856 ,

725 887 880 964 τούς
926 884 1191 962 ἔποπας
1233 885 1621 972 φεύγουσαι,
1664 882 2087 972 απόσχωνταί
2129 912 2201 952 τε
2243 884 2565 970 φαλήτων

622 998 627 1009 ¹
727 1015 862 1056 παι
851 990 955 1055 λα
1005 994 1228 1055 κακῶν
1273 1012 1485 1069 εσται,
1533 987 1614 1053 τοὶ
1662 989 1722 1054 δ’
1766 984 2005 1073 ὑπέρτ..
1987 998 2100 1075 ςροι
2149 990 2413 1075 νέρτερα
2464 985 2670 1067 θήσει

720 1095 884 1168 Ζεῦς
928 1093 1388 1181 υψιβρεμέτης.

725 1183 770 1276 ἦ
786 1220 825 1261 ν
869 1196 909 1259 δ
927 1199 953 1257 ὲ
1000 1198 1365 1260 διαστῶσιν
1384 1189 1774 1313 χελῧιδόνες,
1773 1193 1885 1257 καὶ
1916 1189 2347 1257 οἷναπτῶνται
2377 1190 2812 1276 πτερύγεσσιν

728 1296 798 1374 ἐξ
844 1299 1019 1381 ἱεροῦ
1064 1301 1250 1361 ναοῖο
1286 1295 1647 1382 χελιδόνες,
1696 1293 1919 1361 οὐκέτι
1962 1292 2145 1371 δόξει
2225 1370 2234 1381 .

727 1397 961 1484 ὄρνεον
1008 1396 1148 1464 οὔδ’
1194 1394 1414 1463 ὁτιοῦν
1457 1399 2144 1482 καταπυγωνέστερον
2190 1387 2360 1460 εἶναι
2406 1397 2649 1475 ......2⁵)

1435 1639 1840 1648 ——-.-———-—-·

1557 1807 1712 1910 53,-

642 1979 719 2044 In
754 1976 1122 2044 oratoribus
1170 1981 1672 2059 quantacunque
1716 1975 2022 2058 praebita,
2054 1974 2253 2040 fuerit
2297 1996 2461 2042 ansa
2504 1996 2813 2041 censurae

468 2083 875 2162 comicorum,
912 2101 1026 2164 per
1059 2100 1125 2143 se
1157 2078 1547 2162 intelligitur
1585 2100 1713 2143 non
1754 2077 2023 2141 eandem
2062 2076 2351 2142 oblatam
2380 2077 2580 2142 fuisse
2617 2085 2810 2168 mate·

415 2185 633 2248 ‘.riem
677 2183 987 2265 parodiae
1032 2202 1225 2263 quam
1269 2182 1340 2244 in
1387 2181 1478 2245 eis
1523 2201 1692 2264 quae
1728 2179 1863 2262 jam
1907 2180 2466 2264 perlustravimus,
2525 2179 2640 2244 sed
2684 2176 2812 2245 sin-

473 2286 627 2370 gula
683 2286 900 2367 potius
957 2304 1070 2347 seu
1126 2283 1322 2347 verba
1379 2303 1492 2346 seu
1546 2281 1890 2347 sententias
1933 2281 2034 2345 vel
2093 2281 2397 2346 dictionis
2456 2283 2815 2367 peculiaria

396 2410 407 2419 ·
470 2386 762 2471 potuisse
804 2386 1058 2467 utique
1078 2404 1218 2449 esse
1246 2403 1431 2467 quae
1473 2384 1539 2447 in
1586 2384 1891 2469 parodiae
1935 2370 2273 2448 censuram
2317 2393 2707 2451 vocarentur
2728 2421 2814 2432 -——
2876 2383 2879 2386 ’

471 2490 688 2573 Atque
751 2487 1016 2551 Periclis
1092 2486 1353 2568 quidem
1425 2484 1725 2601 aequales
1782 2486 2057 2550 comicos
2077 2488 2156 2573 2⁶)
2216 2523 2291 2532 —
2352 2484 2495 2570 (qui
2554 2488 2813 2569 quidem

477 2591 606 2675 ipsi
647 2589 947 2653 videntur
989 2589 1154 2653 illud
1189 2557 1511 2673 Olympii
1515 2610 1746 2654 nomen
1792 2590 1851 2653 ei
1907 2588 2251 2675 indidisse)
2295 2589 2363 2651 in
2406 2610 2594 2652 usum
2628 2611 2815 2654 suum

483 2692 876 2757 convertisse
918 2712 1105 2755 voces
1165 2691 1304 2774 ejus
1360 2692 1723 2775 singulares
1781 2712 1893 2757 seu
1951 2693 2008 2757 si
2067 2696 2236 2774 quae
2290 2688 2592 2756 erebrius
2624 2693 2818 2755 itera-

470 2801 702 2859 rentur
741 2795 860 2877 (ut
917 2793 1081 2858 illud
1141 2793 1235 2868 εἰς
1292 2792 1409 2857 τὸ
1404 2794 1576 2858 δέον
1632 2794 2099 2881 ανηλώιιενον,
2169 2789 2348 2875 quod
2396 2781 2611 2877 0113111
2677 2800 2822 2909 post
2915 2833 2916 2838 κ

471 2897 738 2961 Periclis
774 2895 1031 2960 obitum
1090 2916 1298 2980 paene
1350 2896 1419 2960 in
1478 2904 1666 2960 usum
1710 2896 2111 2961 cotidianum
2156 2894 2392 2960 abiisse
2432 2896 2734 2962 videtur
2732 2932 2819 2943 —-

471 2996 548 3061 cf.
599 2997 929 3079 Aristoph.
987 2995 1198 3061 Nubb.
1245 2998 1368 3061 859
1425 2989 1641 3081 ὥσπερ
1705 2999 2079 3081 Περικλέης
2139 2991 2235 3072 εἰς
2295 2997 2375 3061 τὸ
2435 2998 2584 3061 δέον
2645 3021 2818 3062 απα-

478 3101 676 3185 λεσα)
739 3120 853 3163 8011
911 3100 1337 3163 insolentiora
1393 3121 1510 3182 per
1567 3100 1906 3184 parodiam
1958 3106 2217 3165 notasse
2264 3121 2377 3184 per
2420 3121 2488 3165 se
2533 3121 2661 3165 non
2708 3100 2817 3165 ab·

475 3222 705 3267 sonum
766 3208 874 3266 est.
964 3200 1065 3267 An
1128 3200 1456 3266 illuserint
1512 3201 1927 3286 metaphoras
1989 3207 2065 3267 ut
2107 3203 2288 3266 illam
2333 3224 2464 3285 qua
2505 3203 2820 3286 Aeginam

476 3298 700 3383 λήμην
746 3304 860 3367 τοῦ
895 3303 1265 3388 Πειραιέως
1307 3302 1613 3387 vocabat,
1658 3302 1841 3368 haud.
1879 3305 2039 3369 satis
2077 3304 2214 3387 jam
2260 3304 2469 3388 liquet
2510 3326 2630 3389 pro
2675 3304 2824 3369 reli-

478 3405 782 3486 quiarum
826 3405 1136 3469 exilitate.
1224 3402 1496 3489 Singula
1536 3405 1734 3470 verba
1778 3405 1858 3470 ab
1903 3405 2273 3472 oratoribus
2318 3408 2680 3491 composita
2722 3408 2823 3471 vel

473 3507 543 3572 in
609 3507 769 3571 alias
830 3506 1336 3591 significationes
1394 3507 1710 3573 translata
1726 3510 1807 3594 27)
1873 3519 2067 3592 quam
2123 3508 2470 3592 diligenter
2524 3509 2822 3577 notarint

609 3799 696 3878 25)
735 3811 1010 3871 Quantum
1046 3830 1170 3867 vero
1218 3812 1561 3867 nihilominus
1608 3814 1769 3867 etiam
1817 3821 2003 3885 postea
2038 3810 2297 3867 valuerint
2343 3812 2695 3883 chresmologi
2740 3813 2818 3866 in-

487 3896 775 3967 tellegitur,
819 3905 878 3952 ut
913 3898 1018 3952 alia
1053 3899 1315 3964 omittam,
1356 3916 1423 3952 ex
1457 3899 1704 3953 vaticinio
1741 3899 1884 3970 quod
1917 3898 2283 3968 proferebatur
2307 3907 2426 3968 post
2449 3898 2653 3952 cladem
2674 3899 2819 3969 apud

479 3983 935 4053 Aegospolamum
975 3993 1262 4054 acceptam.
1306 3983 1482 4048 (Paus.
1522 3984 1575 4037 X
1611 3989 1644 4039 9
1684 3990 1741 4039 1.·
1782 3995 1836 4037 et
1871 3982 2103 4053 Sibyllae
2140 3992 2194 4037 et
2227 3984 2436 4040 Musaei
2470 3984 2816 4051 vaticinium).

616 4072 705 4134 26)
768 4069 906 4123 Dico
957 4069 1315 4141 Hermippum
1375 4069 1613 4140 inprimis
1661 4078 1715 4123 et
1760 4068 2081 4128 Teleclidem
2130 4068 2526 4141 Cratinumque.
2596 4100 2663 4110 -—
2732 4069 2818 4124 De

477 4153 686 4209 Pericle
736 4164 948 4209 oratore
985 4155 1049 4208 cf.
1089 4154 1468 4209 Westermann
1503 4154 1531 4207 1
1566 4158 1675 4209 34-
1705 4160 1788 4211 35.
1860 4153 2001 4208 Plut.
2042 4154 2162 4208 Per.
2203 4159 2252 4220 8,
2297 4158 2374 4210 15.
2452 4155 2698 4209 Cratinus
2733 4155 2820 4209 In-

473 4247 599 4296 cert.
641 4240 748 4295 fab.
788 4244 823 4293 4

1113 4322 1151 4375 ὦ
1185 4331 1407 4393 μεγίστη
1443 4327 1647 4393 γλῶττη
1673 4327 1796 4376 aar
1824 4324 2165 4391 Ἑλληνίδων.

471 4410 723 4483 Eupolid.
763 4410 1056 4465 Demorum
1092 4410 1158 4465 fr.
1197 4416 1246 4467 6.

610 4498 698 4563 27)
746 4496 906 4555 Quod
953 4514 1083 4550 cum>
1119 4496 1483 4551 adulescentes
1518 4496 1828 4567 plerumque
1864 4496 2141 4551 videantur
2176 4493 2424 4549 habuisse
2465 4494 2819 4566 „politiorem

475 4582 906 4637 humanitatem“
945 4582 1037 4648 (cf.
1073 4582 1139 4637 fr.
1184 4586 1266 4637 16.
1305 4597 1383 4638 vs.
1422 4583 1472 4648 7,
1511 4585 1567 4647 8)
1603 4583 1716 4655 ipse
1752 4582 1982 4636 comicus
2019 4584 2189 4651 nugas
2225 4587 2552 4652 (τερθρείαν)
2588 4588 2760 4635 vocat.
