3296 5369
1480 600 1560 615 -
1646 558 1731 629 20
1819 598 1897 612 ....

527 730 814 800 ostendit
889 730 1324 817 fragmentum
1382 732 1745 798 Daetalens.
1794 732 2121 819 Aristoph.
2172 734 2252 799 16
2307 733 2420 800 ubi
2486 728 2659 800 filius
2725 756 2868 801 cum

525 842 709 918 patre
766 834 1109 920 disputans
1153 833 1705 919 impudentissime
1751 856 1892 900 eum
1937 842 2127 901 vocat
2171 835 2530 920 σορέλλην·
2575 836 2687 902 ubi
2728 837 2867 903 ille:

529 933 701 1023 ἰδού,
730 936 1065 1023 ‘copim-n,
1108 939 1304 1002 τοῦτο
1351 938 1537 1020 παρά
1580 934 2125 1023 Λυσιστράτου,“
2170 945 2309 1002 tum
2351 938 2615 1004 verbum
2666 963 2872 1003 κατα-

534 1040 911 1123 πλίσσομεν
980 1046 1255 1122 usurpat
1323 1039 1880 1123 adolescentuluS,
1951 1039 2127 1121 quod
2193 1040 2271 1104 de
2342 1040 2712 1107 oratoribus
2769 1043 2870 1107 de-

498 1148 862 1227 sumptum
923 1142 1082 1207 dicit
1142 1162 1370 1223 senex3
1447 1141 1726 1225 denique
1784 1138 2087 1228 α’ποβύω,
2137 1142 2337 1225 ,quod
2390 1142 2460 1207 in
2517 1143 2873 1210 Alcibiadis

526 1243 776 1309 fabrica
819 1242 1185 1309 confectum
1231 1264 1369 1309 esse
1414 1242 1592 1307 dicit.
1633 1279 1720 1291 —-
1763 1242 1967 1308 Voces
1998 1244 2378 1328 singulares,
2424 1266 2503 1309 ex
2538 1244 2873 1312 fabrorum
2935 1272 2946 1275 ο

531 1344 805 1428 opificiis
860 1346 1216 1411 translatas
1235 1346 1315 1425 2⁸)
1373 1365 1502 1410 non
1560 1353 1691 1410 tam
1747 1351 2098 1430 propterea
2151 1352 2312 1428 puto
2355 1346 2630 1413 insertas
2674 1348 2872 1415 fuisse

533 1448 803 1514 Cleonis
862 1448 1144 1513 sermoni
1209 1446 1293 1512 ab
1362 1445 1799 1547 Aristophane
1875 1447 2068 1531 (qu.
2130 1450 2255 1513 463
2300 1455 2468 1533 sqq.)
2543 1457 2616 1516 ut
2678 1472 2872 1534 quam

528 1552 806 1616 maxime
849 1549 1042 1615 vilem
1101 1534 1436 1614 exhiberet
1491 1548 1665 1615 illius
1722 1549 2043 1633 indolem,
2104 1572 2300 1634 quam
2345 1561 2416 1617 ut
2467 1554 2869 1637 parodias

531 1652 955 1736 singularium
993 1672 1255 1736 vocum,
1316 1650 1542 1734 quales
1597 1650 1709 1717 ille
1767 1651 1836 1715 in
1875 1652 2320 1718 concionando
2365 1652 2675 1721 adhibere
2718 1656 2870 1723 ada·

526 1775 738 1820 masse
782 1755 1069 1829 videtur:
1127 1748 1422 1837 alioquin
1464 1774 1597 1818 non
1637 1753 1949 1837 intellego
1993 1774 2107 1818 cur
2157 1755 2393 1821 chorus
2438 1758 2723 1839 equitum
2768 1780 2871 1823 ex-

528 1856 832 1923 hortetur
890 1857 1293 1922 venditorem
1363 1855 1805 1939 farciminum,
1868 1861 1945 1922 ut
2003 1862 2070 1921 et
2133 1857 2273 1971 ipse
2345 1858 2587 1924 talibus
2633 1867 2874 1932 :utatur

527 1958 792 2026 vocibus
837 1958 1186 2042 laudetque
1231 1958 1488 2024 easdem
1532 1964 1900 2041 usurpatas,

537 2136 541 2140 ,
701 2059 1066 2146 Specimin'a
1093 2060 1384 2147 singulm
1387 2082 1495 2125 um
1520 2058 1970 2126 Demosthenis
2000 2079 2081 2123 ex
2114 2060 2517 2126 orationibus
2540 2083 2658 2146 per
2683 2085 2870 2149 paro-

527 2163 702 2229 diam
747 2164 1086 2229 irrisorum
1132 2164 1423 2247 quamvis
1484 2180 1692 2243 pauca
1747 2167 1902 2226 sunt
1959 2181 2082 2244 pro
2125 2161 2420 2245 reliquiis
2464 2165 2897 2250 comicorum,‘

528 2273 746 2331 tamen
792 2267 955 2333 satis
1009 2264 1304 2329 indicant
1362 2263 1558 2328 etiam
1614 2268 1754 2328 tum
1800 2264 2075 2328 comicos
2094 2263 2175 2350 2⁹)
2219 2263 2561 2349 diligenter
2615 2273 2868 2334 notasse
2967 2254 2973 2260 ’

526 2367 984 2451 quidcunque
967 2390 1035 2433 111
1066 2365 1473 2431 orationibus
1502 2386 1616 2431 seu
1633 2366 1964 2448 singulare
1989 2386 2109 2431 seu·
2127 2372 2433 2433 novatum
2461 2369 2869 2435 insolentius·
2909 2398 2922 2410 ·

528 2491 653 2553 que
699 2469 1161 2555 praeferretur.
1249 2467 1427 2546 Quae
1458 2467 1718 2551 quidem
1743 2467 2094 2534 Aeschines
2120 2467 2353 2554 (contr.
2372 2468 2649 2554 Clesiph.
2659 2491 2727 2565 Ρ.
2744 2472 2871 2538 354

523 2571 767 2638 Miiller
809 2571 872 2638 II
922 2573 1071 2658 127)
1132 2569 1357 2655 objicit
1401 2552 1830 2634 Demostheni*
1860 2568 2060 2634 verba
2113 2571 2327 2637 minus
2376 2554 2712 2691 probanda
2754 2575 2867 2638 im-

508 2674 764 2757 mania,
809 2681 886 2741 ut
915 2673 1104 2740 haec:
1151 2668 1681 2760 ἀμπελουργοῦσί
1728 2695 1900 2747 τινες
1943 2671 2068 2751 τήν
2114 2669 2319 2738 πόλιν
2360 2673 2871 2759 ἀνατετμήκασί

524 2796 695 2874 τινες
754 2775 855 2842 τά·
907 2775 1231 2860 κλήματα
1304 2771 1425 2839 τοῦ
1479 2772 1736 2858 δήμου,
1793 2774 2268 2859 ὑποτέτμηται
2344 2800 2433 2839 τα
2491 2780 2688 2865 νεῦρα
2745 2780 2873 2845 τῶν

505 2878 982 2999 πραγμάτων,
1056 2872 1780 2966 φορμορραφούμεθα,
1836 2879 1948 2941 ἐπὶ
2009 2875 2096 2942 τά
2157 2878 2362 2942 στενά
2421 2901 2600 2954 τινες
2649 2874 2867 2967 ω’σπερ

510 2979 669 3056 ,τας
668 2976 1001 3063 ῐβελόυας
1060 2979 1429 3068 διείρουσιν
1476 3024 1522 3044 ..
1547 2978 1781 3043 .haec
1836 3000 1968 3044 non
2025 2980 2091 3043 in
2150 2981 2537 3046 comicorum
2594 2984 2871 3049 maxime
2940 2972 2946 2977 ’

524 3082 828 3159 notitiam
899 3083 1205 3149 incidisse
1272 3082 1418 3166 quis
1498 3086 1597 3145 est
1673 3081 1785 3163 qui
1851 3080 2070 3145 dicat?
2171 3079 2441 3147 Utinam
2495 3082 2871 3153 Athenaeus

524 3186 705 3250 aliud
768 3183 1127 3270 quidquam
1184 3183 1311 3249 sibi
1365 3183 1808 3267 proposuisset
1866 3204 2059 3265 quam
2117 3205 2315 3250 cenae
2357 3194 2748 3271 apparatum
2794 3213 2872 3256 ex

503 3290 913 3355 ,comicorum
969 3288 1246 3354 maxime
1292 3285 1496 3369 copiis
1547 3283 2036 3356 illustrandum!
2080 3322 2160 3334 -
2248 3288 2569 3356 Memorat
2613 3292 2871 3374 quidem

528 3390 919 3457 Plutarchus
981 3390 1096 3470 (vit
1138 3390 1200 3454 X
1258 3394 1422 3453 orat.
1465 3408 1614 3471 pag.
1659 3387 1783 3451 845
1811 3386 1898 3467 b.)
1950 3388 2329 3473 jusjurandi
2386 3392 2869 3460 insolentiorem

519 3494 800 3577 speciem
866 3512 907 3556 a
961 3490 1400 3576 Demosthene
1455 3489 1526 3554 in
1595 3488 1999 3555 orationibus
2065 3497 2449 3575 usurpatam
2519 3495 2773 3561 irrisam
2831 3519 2872 3563 a

527 3595 825 3661 Comicis.
893 3593 1171 3661 Meinek.
1229 3591 1579 3677 Antiphan.
1632 3590 1856 3657 incert.
1912 3591 2141 3676 fragm.
2188 3594 2269 3658 75
2329 3594 2595 3664 Timocl.
2650 3601 2871 3669 incert.

521 3697 601 3762 fr.
632 3701 677 3765 4
724 3695 866 3782 „mi
913 3697 1039 3780 γῆν
1080 3694 1177 3779 μοὶ
1227 3691 1500 3780 κρήνας,
1542 3691 1638 3779 μοὶ
1684 3691 2052 3781 ποταμούς,
2094 3694 2192 3777 μοὶ
2236 3695 2574 3782 νάματα.“
2660 3700 2869 3768 Lucu-

658 3938 748 4002 28)
782 3952 835 3993 v,
861 3938 964 3990 462
1005 3936 1160 3988 ταυτὶ
1192 3934 1269 4002 μὰ
1305 3932 1400 3997 τὴν
1436 3932 1699 4003 Δήμητρά
1730 3930 1784 4002 μ’
1826 3931 1919 3988 οὐκ
1955 3930 2247 3986 ἒλὸνθανεν

992 4016 1502 4088 τεκταινόμενα
1537 4018 1604 4070 τὰ
1639 4018 1923 4090 πράγματ’,
1959 4018 2071 4073 ἄλλ’
2110 4018 2409 4092 ἠπιστᾷμην

995 4103 1429 4177 γομφούμεν’
1469 4104 1606 4158 αὐτὰ
1643 4104 1816 4158 πάντα
1851 4108 1939 4158 καὶ
1971 4106 2377 4178 κολλώμενα.

864 4194 966 4250 478
1004 4196 1089 4245 καὶ
1123 4192 1221 4245 τάκ
1264 4193 1520 4244 Βοιωτῶν
1554 4194 1722 4244 ταῦτα
1760 4191 2285 4265 συντυρούμενα.

658 4281 748 4345 29)
806 4279 873 4333 cf.
929 4278 1198 4334 Plutarch.
1248 4278 1531 4334 Demosth.
1582 4296 1695 4349 cap.
1735 4284 1768 4334 9
1812 4307 1879 4320 -
1926 4283 2035 4335 ἐπεὶ
2077 4279 2280 4350 τόλμαν
2326 4301 2384 4350 γε
2426 4283 2517 4333 καί
2557 4271 2766 4353 θάρσος
2813 4283 2863 4334 οἱ

521 4365 797 4429 λεχθέντες
845 4362 928 4419 ὑπ’
981 4385 1144 4419 αυτου
1193 4362 1345 4433 λόγοι
1402 4366 1509 4417 τῶν
1554 4369 1855 4435 γραφέντων
1896 4388 1970 4435 μι
1947 4369 2097 4419 λλον
2146 4369 2280 4434 εἶχον
2325 4371 2370 4418 εἰ
2403 4388 2456 4420 τι
2491 4370 2570 4420 δεῖ
2603 4387 2867 4424 πιστευιιν

520 4454 897 4521 Ἐρατοσθένει
933 4453 1017 4504 καὶ
1054 4456 1348 4523 Δημητρίῳ
1397 4453 1468 4520 τῷ
1525 4455 1760 4522 Φαληρεῖ
1805 4455 1910 4504 και
1956 4460 2099 4512 τοῖς
2145 4459 2530 4524 κωμικοῖς-β
2566 4485 2634 4497 -
2666 4459 2773 4508 τῶν
2807 4457 2864 4508 δε

515 4539 755 4612 κωμικῶν
803 4538 835 4589 ὃ
866 4542 964 4609 μέν
996 4557 1078 4595 τις
1112 4537 1280 4594 αὐτὸν
1315 4536 1573 4591 ἀποκαλεῖ
1608 4538 2188 4612 ρωποπερπερῆθραν“
2226 4580 2273 4598 ..
2295 4580 2311 4596 .
