3296 5369
1531 562 1780 649 „'16
1863 614 1948 628 -..

1554 826 1816 927 ‘ga

736 1007 881 1074 Non
940 1005 1066 1070 rite
1125 1007 1310 1072 licuit
1369 1006 1655 1073 inserere
1697 1007 1908 1099 hisce,
1969 1027 2135 1091 quae
2181 1008 2321 1093 jam
2363 1009 2429 1073 in
2477 1006 2703 1076 ordine
2748 1029 2903 1093 quo-

569 1112 717 1176 dam
760 1111 1214 1195 disposuimus,
1259 1108 1761 1194 disputationem
1801 1112 1880 1176 de
1907 1109 2195 1195 parodiis
2226 1110 2319 1174 eis
2370 1129 2536 1193 quac
2565 1096 2907 1177 versantur

567 1215 638 1279 in
705 1232 977 1277 censura
1034 1209 1671 1296 Chresmologornm3
1739 1234 2015 1296 quorum
2069 1210 2330 1299 quidem
2381 1213 2689 1281 vaticinia
2743 1212 2900 1281 belli

564 1314 1094 1399 Peloponnesiaci
1134 1314 1479 1399 praecipue
1521 1314 1915 1403 temporibus
1959 1320 2094 1379 tam
2137 1312 2357 1381 erebro
2396 1315 2900 1397 venditabantur

565 1424 634 1482 et
676 1416 953 1501 speciem
1008 1420 1253 1480 certam
1295 1422 1432 1481 tam
1475 1423 1696 1481 notam
1740 1415 2036 1482 omnibus
2095 1415 2275 1483 haud
2318 1416 2513 1483 dubie
2570 1414 2900 1485 habebant

569 1527 637 1586 et
678 1514 820 1584 eam
865 1517 1159 1584 formulis
1204 1538 1607 1602 expressam,
1640 1506 1739 1584 'ut
1795 1518 2105 1611 parodiae
2164 1517 2315 1584 inde
2374 1518 2648 1586 haustae
2691 1518 2895 1603 perfa-

569 1622 691 1687 cile
735 1620 820 1689 ab
865 1619 1163 1685 omnibus
1209 1618 1681 1705 spectatoribus
1726 1621 2096 1686 intellectae
2130 1620 2328 1707 fuisse
2370 1622 2701 1715 putandae
2752 1622 2901 1687 sint.

739 1723 907 1807 Ipsis
950 1721 1108 1788 belli
1131 1721 1664 1808 Peloponnesiaci
1705 1721 1912 1788 initiis
1941 1744 2088 1788 cum
2123 1742 2342 1788 omnes
2372 1722 2664 1790 homines
2695 1745 2901 1807 paene

573 1824 843 1892 distenti
887 1830 1104 1890 essent
1147 1824 1368 1905 (Thuc.
1397 1825 1461 1889 Π
1490 1824 1557 1910 8)
1593 1824 2039 1908 expectatione
2083 1823 2448 1909 futurarum
2491 1847 2729 1909 rerum,
2762 1831 2902 1892 tum

580 1926 802 1993 πολλοὶ
844 1930 966 2010 μὲν
1009 1923 1202 2008 λόγια
1248 1926 1549 2011 ἐλέγοντο
1593 1924 1818 2003 πολλά
1847 1925 2433 2011 ,ὃὲᾶρησμολόγοι
2476 1914 2642 2023 ᾖδον
2688 1950 2744 1992 κ.
2762 1951 2821 1993 τ.
2844 1928 2903 1991 λ.

571 2029 892 2096 Nimirum
949 2051 1091 2094 cum
1137 2031 1297 2094 satis
1342 2028 1793 2111 perterrefacti
1838 2035 2052 2095 essent
2103 2031 2304 2094 animi
2358 2031 2694 2095 hominum
2734 2032 2938 2096 inse·-

568 2131 952 2201 lentioribus
996 2130 1187 2196 rebus
1231 2136 1306 2196 ut
1347 2137 1565 2197 terrae
1607 2138 1780 2196 motu
1809 2131 1955 2197 Deli
1984 2132 2053 2195 in
2081 2131 2325 2216 insula,
2361 2133 2513 2197 solis
2548 2131 2903 2215 defectione

572 2236 791 2309 (Thuc.
830 2235 960 2298 228
1005 2234 1173 2298 Plut.
1218 2232 1439 2298 Pericl.
1486 2233 1623 2319 34),
1683 2234 2054 2298 taeterrima
2103 2239 2200 2298 tot
2242 2232 2574 2299 hominum
2617 2233 2904 2318 undique

569 2339 639 2404 in
682 2336 905 2401 urbem
952 2334 1458 2418 confugientium
1502 2335 1569 2400 in
1615 2316 1961 2418 angustum
2004 2336 2288 2420 spatium
2329 2337 2689 2421 coactione,
2734 2335 2907 2401 deni-

570 2461 697 2525 que
739 2437 943 2522 pestis
991 2436 1355 2502 calamitate
1413 2435 1769 2514 dirissima,
1823 2475 1901 2484 —
1945 2438 2209 2520 insuper
2253 2436 2701 2503 excitabantur
2743 2437 2903 2503 vati-

572 2543 758 2608 ciniis
805 2559 972 2623 quae
1014 2545 1149 2604 tum
1192 2539 1475 2622 quidem,
1519 2543 1595 2603 ut
1634 2536 1775 2613 fieri
1806 2539 1972 2603 solet
2010 2559 2248 2622 magna
2276 2560 2418 2604 cum
2455 2528 2693 2605 fiducia
2712 2539 2922 2623 vulgo-

571 2642 1083 2728 excipiebantur;
1141 2660 1352 2724 neque
1397 2640 1626 2705 mirum
1671 2640 1892 2726 igitur,
1937 2632 2131 2726 quod,
2184 2662 2328 2708 cum
2371 2641 2488 2709 illa
2532 2641 2752 2736 magni
2795 2638 2903 2706 fie-

570 2754 718 2813 rent
759 2743 1261 2829 frequentissimi
1306 2743 1658 2807 existerent
1698 2743 2082 2808 venditores,
2171 2744 2249 2809 Ei
2294 2743 2556 2828 quidem
2595 2766 2724 2809 non
2770 2748 2908 2807 tam

561 2845 1001 2936 χρησμωὸοὐς
1044 2835 1271 2908 haberi
1316 2866 1382 2909 se
1425 2842 1730 2909 volebant
1773 2864 1890 2909 nec
1918 2845 2093 2928 ipsos
2127 2850 2424 2917 auctores
2453 2845 2906 2926 vaticiniorum

571 2950 824 3037 putari,
884 2946 998 3012 sed
1028 2952 1293 3011 vetusta
1348 2967 1505 3028 prae
1563 2966 1628 3010 se
1688 2944 1985 3011 ferebant
2043 2967 2122 3020 ex
2177 2937 2405 3031 Pythio
2449 2931 2751 3032 Apolline
2807 2945 2909 3009 v'el

570 3052 809 3134 Bacide
854 3051 952 3116 vel
995 3049 1259 3115 Musaeo
1275 3048 1357 3136 2¹)
1401 3049 1502 3113 vel
1545 3045 1786 3131 Sibylla
1831 3048 1983 3113 olim
2028 3049 2233 3144 edita,
2293 3069 2458 3131 quae
2501 3047 2763 3132 quidem
2805 3068 2908 3112 us-

573 3176 697 3239 que
741 3153 825 3217 ad
868 3172 946 3216 ea
986 3159 1280 3234 tempora
1325 3149 1558 3232 quibus
1605 3150 1868 3233 Equites
1916 3172 2064 3215 suos
2111 3151 2380 3216 docebat
2416 3148 2909 3236 Aristophane3,

566 3258 705 3341 jam
744 3255 883 3341 jam
926 3254 1074 3338 plus
1117 3253 1428 3319 momenti
1454 3252 1774 3342 ,videntur
1813 3254 1882 3317 in
1930 3252 2086 3318 urbe
2135 3253 2500 3340 attinuisse.

741 3357 955 3441 Atque
1020 3376 1247 3420 causas
1265 3356 1346 3440 22)
1407 3353 1666 3446 quidem
1727 3354 1962 3436 quibus
2021 3361 2376 3420 commotus
2433 3351 2909 3438 Aristophanes

573 3459 984 3545 castigaverit
1014 3457 1164 3523 illos
1196 3477 1338 3530 cum
1383 3453 1790 3546 inquirimus,
1822 3478 1952 3521 non
1996 3462 2129 3522 tam
2174 3463 2249 3522 ut
2291 3477 2571 3540 nequam
2615 3453 2910 3520 homines

574 3564 946 3645 ariolosque
990 3581 1100 3625 eos
1132 3548 1499 3624 'insectatus
1530 3559 1728 3623 fuisse
1761 3558 2036 3641 videtur,
2071 3580 2264 3641 quam
2291 3563 2560 3646 propter
2591 3558 2910 3624 rationem

573 3687 791 3731 rerum
834 3663 1131 3729 civilium.
1217 3660 1538 3726 Nimirum
1580 3659 1793 3744 qualis
1838 3660 2278 3725 intercesserit
2329 3660 2499 3744 ratio
2543 3659 2717 3725 inter
2756 3660 2910 3724 istas

575 3774 642 3832 et
684 3766 985 3831 vaticinia
1026 3749 1617 3846 chresmologorum
1657 3761 1884 3846 liquet
1905 3768 1967 3827 et
2009 3783 2088 3826 ex
2118 3760 2575 3847 Aristophanis
2601 3760 2911 3845 Equitum

575 3867 890 3952 Pacisque
950 3865 1187 3932 fabulis
1233 3870 1302 3931 et
1343 3864 1851 3930 luculentissimo
1894 3865 2219 3947 Amipsiae
2263 3864 2405 3930 loco
2451 3862 2678 3943 (Conn.
2720 3861 2797 3928 fr.
2827 3860 2911 3949 2).

715 4040 806 4103 21)
843 4035 1087 4095 Quorum
1123 4033 1388 4100 omnium,
1441 4037 1559 4088 cum
1602 4034 1718 4105 jam
1751 4034 1808 4089 in
1843 4033 1998 4089 bellis
2032 4033 2250 4088 Persicis
2297 4031 2508 4104 probati
2541 4040 2720 4087 essent
2752 4028 2910 4102 pluri·

577 4140 726 4179 mum
756 4121 972 4178 valebat
1007 4120 1152 4192 apud
1186 4118 1396 4190 plebem
1418 4120 1733 4184 auctor-itam
1772 4120 1841 4173 ef.
1869 4119 2203 4174 Herodotum
2225 4117 2379 4184 (VIII
2400 4119 2485 4183 77)
2510 4118 2602 4188 qui
2624 4115 2910 4172 Athenis

577 4209 723 4266 haud
756 4207 918 4263 dubie
954 4205 1229 4264 audiverat
1277 4222 1413 4276 quae
1463 4204 1617 4260 affert
1647 4205 1917 4262 vaticinia.
1987 4202 2357 4258 Onomacritus
2391 4209 2452 4256 ut
2485 4212 2672 4257 notum
2708 4209 2814 4266 est,
2848 4200 2910 4256 'iu

579 4294 817 4350 codicem
854 4292 1142 4361 collegerat
1175 4289 1424 4346 vaticinia
1458 4290 1683 4355 Musaei,
1724 4307 1859 4362 quae
1894 4289 2159 4359 deinceps,
2202 4295 2260 4342 ut
2292 4287 2503 4342 videtur
2536 4297 2598 4341 ut
2633 4286 2911 4353 „Pisistra-

579 4380 824 4436 didarum
858 4377 1150 4432 νειιίιιίιιίιιΗ
1189 4374 1509 4438 ferebantur.
2463 4413 2468 4420 .
2945 4438 2950 4445 ⁸

713 4468 802 4529 22)
840 4464 906 4519 cf.
947 4459 1154 4518 Rochel
1201 4460 1622 4536 „Aristophanes
1670 4460 1862 4532 quibus
1908 4459 2074 4513 causis
2120 4466 2411 4512 commotus
2445 4456 2661 4518 oracula
2706 4472 2911 4510 eornm-

579 4569 681 4628 que
718 4552 1031 4622 interpretes
1063 4545 1344 4601 irriseritf·
1415 4544 1622 4604 Prolus.
1665 4547 1860 4619 Gymn.
1898 4544 2167 4601 Neustadt
2199 4542 2603 4617 Wea-tpneussen
2641 4542 2787 4600 1870.
