3296 5369
1397 580 1483 593 ....
1571 538 1663 612 13.
1734 578 1818 594 ‘—
2306 524 2346 593 4
3049 545 3056 553 .
3211 540 3230 567 ,

682 766 689 779 s
798 714 960 781 1398
1009 717 1156 793 τοςὲ
1201 718 1322 799 μὲν
1364 716 1601 782 νοτίαν
1640 712 1910 802 στείχων
1951 715 2116 802 πρὸς
2156 711 2319 782 ὁδόν
2867 702 3090 972 03³]

1016 821 1168 883 τοτὲ
1212 818 1271 884 δ’
1298 811 1415 891 ’ᾖ
1444 819 1656 903 βορέᾳ
1698 820 1883 901 σῶμα
1929 813 2240 897 πελάζων
2741 796 2744 799 ἢ

1017 917 1336 1001 ἀλίμενον
1378 919 1671 1006 αἰθέρος
1712 915 1983 984 αὔλακα
2029 921 2293 1004 τέμνων.

443 1028 595 1087 Post
642 1021 930 1088 Cinesiae
986 1029 1282 1105 tempora
1321 1021 1735 1109 Dithyrambi
1789 1024 2165 1107 inceperunt
2216 827 2983 1319 affl&

444 1125 591 1188 dam
652 1124 1010 1208 exprimere
1067 1123 1282 1208 qualis
1342 1126 1484 1190 erat
1532 1125 1810 1211 Cyclops
1868 1127 2209 1192 Philoxeni
2254 1124 2528 1190 Citherii
2586 1145 2779 1207 quem

441 1227 813 1293 Athenaeus
878 1226 946 1305 (Ι.
997 1227 1117 1311 Ta)
1173 1232 1401 1292 narrat
1455 1229 1524 1292 in
1581 1227 1874 1313 Dionysii
1931 1227 2296 1293 irrisionem
2353 1227 2780 1309 compositum

444 1328 661 1412 fuisse,
707 1332 904 1412 quem
943 1349 1092 1393 vero
1116 1327 1388 1394 Athenis
1436 1350 1693 1413 quoque
1735 1330 1805 1394 in
1852 1350 2109 1397 scenam
2152 1330 2537 1414 productum
2582 1328 2779 1394 fuisse

443 1431 804 1494 necessarie
877 1428 1027 1494 inde
1087 1428 1363 1495 efficitur
1426 1433 1602 1515 quod
1658 1432 2128 1525 Aristophanes
2188 1432 2257 1495 in
2320 1431 2515 1496 Pluto
2578 1431 2779 1495 intro·

361 1609 369 1620 ·
445 1532 624 1596 ducit
651 1531 990 1598 Carionem
1034 1532 1408 1597 invitantem
1444 1534 1770 1617 ⁸agricolas
1815 1542 1889 1598 ut
1932 1556 2000 1598 se
2045 1539 2403 1615 sequantur
2445 1533 2512 1596 in
2558 1532 2780 1598 simili·

445 1633 737 1698 tudinem
775 1633 1066 1718 Cyclopis
1109 1634 1284 1717 apud
1306 1632 1763 1717 Philoxenum3
1808 1634 1995 1699 finxit
2023 1635 2280 1718 quidem
2309 1634 2784 1718 Aristophanes

447 1735 664 1801 omnia
721 1743 983 1819 praeter
1037 1735 1262 1823 verba:
1329 1730 1483 1797 ἄλλ’
1542 1723 1650 1800 εἶα
1724 1736 1923 1802 τέκεα
1982 1734 2224 1821 θαμίν’
2279 1736 2781 1823 ἐπαναβοῶντες.

444 1837 544 1901 An
573 1857 705 1920 ·per
746 1842 968 1903 cetera
1010 1857 1178 1920 quae
1224 1837 1483 1921 quidem
1527 1838 1868 1904 lasciviora
1911 1847 2093 1925 sunt,
2159 1839 2434 1922 speciem
2478 1840 2782 1905 carminis

444 1937 822 2004 Philoxenei
865 1938 1108 2003 imitari
1152 1939 1449 2023 voluerit,
1488 1939 1625 2023 jam
1670 1939 1845 2004 haud
1889 1943 2052 2005 satis
2095 1942 2317 2024 liquet.

613 2040 913 2105 Mediae
935 2043 1011 2116 ¹⁵)
1046 2040 1442 2107 comodiae
1482 2062 1650 2124 quae
1676 2048 1902 2108 extant
1932 2045 2245 2126 reliquiae
2273 2044 2430 2109 licet
2475 2045 2775 2109 exiliores

448 2143 612 2226 sint,
656 2162 851 2225 quam
896 2147 970 2206 ut
1014 2117 1455 2264 intelllgamus
1501 2150 1747 2226 quanta
1788 2144 1988 2210 fuerit
2028 2145 2144 2211 illa
2184 2144 2450 2211 ubertas
2493 2145 2784 2228 parodia·
2851 2156 2948 2245 W
2969 2105 3034 2361 s·
3067 2156 3078 2167 ·

445 2266 589 2310 rum
631 2265 899 2328 poeseos
946 2244 1024 2291 —'—
1068 2243 1255 2327 cujus
1286 2243 1547 2328 quidem
1575 2247 1882 2311 indicium
1907 2253 2007 2312 est
2044 2250 2205 2313 satis
2230 2248 2532 2313 idoneum
2554 2248 2781 2312 titulus

448 2347 601 2414 libri
644 2346 950 2412 Antiochi
1006 2349 1160 2430 περὶ
1215 2349 1348 2410 τῶν
1406 2346 1477 2409 ἐν
1534 2349 1621 2430 τῇ
1668 2349 1833 2437 μέσῃ
1894 2349 2215 2438 κωμῳδίᾳ
2257 2349 2787 2439 κωμῳδουμένων
2853 2410 2862 2420 ,

448 2450 765 2531 ποιητῶν,
824 2448 976 2513 Ath.
1022 2446 1113 2514 XI
1155 2447 1281 2512 482
1325 2469 1376 2513 c.
1435 2487 1513 2497 —-
1572 2457 1921 2534 supersunt
1964 2457 2180 2515 tamen
2239 2471 2546 2516 censurae
2592 2470 2786 2533 quam

448 2551 838 2616 exercebant
879 2551 1129 2616 mediae
1173 2571 1330 2615 com.
1376 2551 1746 2636 scriptores,
1790 2553 2144 2637 specimina
2184 2554 2361 2618 haud
2404 2552 2787 2637 spernenda.

453 2652 752 2719 Ceterum
809 2651 939 2719 alia
997 2652 1166 2719 facta
1234 2658 1376 2718 erat
1422 2655 1680 2735 poetica
1721 2656 2023 2720 materies
2067 2654 2518 2740 parodiarum,
2578 2674 2789 2737 neque

451 2756 808 2821 sententiae
863 2756 1250 2821 comicorum
1286 2756 1423 2839 jam
1470 2755 1692 2820 eadem
1738 2778 1905 2838 quae
1946 2756 2204 2822 fuerant
2243 2758 2500 2841 vigente
2541 2756 2789 2821 Aristo-

449 2858 682 2940 phane,
713 2858 1018 2940 quoniam
1049 2878 1128 2922 ex
1155 2857 1444 2942 ipsorum
1477 2857 1988 2923 adulescentium
2031 2879 2250 2924 eorum
2293 2861 2405 2942 qni
2437 2858 2790 2941 Euripidea

448 2958 686 3024 imbuti
730 2959 992 3024 fuerant
1033 2960 1414 3044 eruditione,
1457 2980 1724 3025 numero
1748 2960 2169 3044 procederent
2210 2962 2324 3045 qui
2375 2961 2676 3044 deinceps
2704 2960 2787 3026 ab

448 3061 821 3145 Antiphane
864 3060 1121 3126 tabulas
1162 3062 1441 3126 comicas
1488 3061 1823 3130 docebant.

617 3166 832 3246 Atque
920 3164 1060 3248 ipse
1142 3163 1403 3246 quidem
1493 3163 1903 3249 Antiphanes
1979 3165 2120 3230 lau
2140 3166 2277 3230 dat
2357 3165 2786 3230 Philoxenum

450 3263 933 3348 dithyrambum
994 3285 1189 3347 quam
1247 3266 1685 3350 maximopere
1741 3268 1810 3331 in
1850 3267 2298 3350 Tritagonista
2343 3266 2594 3347 (fabula
2637 3273 2788 3349 post

449 3387 691 3432 annum
706 3367 850 3451 380,
878 3388 1006 3450 quo
1040 3366 1199 3432 obiit
1217 3367 1356 3452 Ph.,
1393 3368 1610 3449 docta)
1644 3368 1816 3451 quod
1861 3370 2048 3452 quasi
2095 3369 2251 3434 deus
2294 3372 2466 3434 inter
2495 3368 2787 3434 homines

448 3466 648 3533 fuerit
675 3472 770 3549 ¹⁶).
858 3468 1368 3548 Timothei¹⁷)
1417 3491 1567 3534 vero
1613 3469 2008 3555 dithyrambi
2050 3481 2311 3535 notasse
2337 3470 2593 3535 videtur
2628 3469 2789 3535 satis

450 3568 796 3655 diligenter
840 3571 1118 3656 singula,
1161 3577 1238 3636 ut
1280 3571 1692 3654 metaphoras
1736 3572 2190 3638 insolentiores
2234 3572 2302 3637 in
2347 3571 2632 3638 Caeneo:

594 3823 678 3891 1'5)
714 3825 951 3881 Meinek.
992 3825 1133 3881 Hist.
1177 3827 1295 3882 crit.
1336 3826 1486 3880 Com.
1527 3842 1579 3897 p.
1620 3830 1721 3882 285
1756 3844 1868 3898 sqq.

594 3915 678 3977 16)
714 3910 918 3966 Probat
963 3929 1125 3983 quam
1169 3912 1527 3982 maximopere
1578 3929 1713 3983 quae
1770 3912 1968 3967 fuerint
2013 3911 2154 3967 illius
2200 3931 2355 3967 voces
2402 3910 2694 3983 peculiares
2736 3920 2793 3966 et

450 4014 617 4050 novae
670 4014 768 4051 nec
811 4014 917 4050 non
955 3997 1181 4050 musices
1215 3997 1628 4051 immutationes.
1678 4027 1746 4058 2-
1816 3998 2065 4054 Ceterum
2100 4006 2227 4051 tunc
2260 3997 2586 4068 temporibus
2632 4015 2792 4069 quam

450 4080 749 4153 plurimum
797 4082 957 4152 vulgo
1004 4090 1288 4137 tractatam
1331 4083 1493 4137 fuisse
1539 4083 1747 4153 poesin,
1811 4083 1936 4137 inde
1975 4083 2215 4138 effeceris
2270 4083 2412 4155 quod
2458 4082 2793 4153 Antiphanes

453 4167 531 4234 (in
569 4173 793 4238 Ποιησις
825 4169 961 4234 fab.)
1010 4168 1158 4240 quasi
1204 4186 1271 4222 ex
1318 4168 1564 4223 instituto
1599 4168 1808 4222 scholae
1845 4169 2055 4222 disserit
2089 4169 2155 4223 de
2192 4168 2482 4223 commodis
2516 4186 2651 4239 quae
2686 4168 2794 4222 sint

450 4254 754 4323 tragoediae
813 4272 908 4326 pro
968 4254 1214 4308 universa
1274 4255 1389 4325 ejus
1435 4254 1637 4308 ratione
1654 4276 1667 4319 3
1741 4253 1878 4308 adde
1940 4254 2188 4309 Timoclis
2248 4252 2690 4316 Διονυσιαζούσας
2722 4282 2793 4293 --

455 4339 550 4394 ubi
589 4340 873 4410 exponitur
918 4341 986 4395 de
1030 4338 1262 4394 utilitate
1298 4339 1603 4409 tragoediae
1637 4339 1693 4393 in
1728 4340 2121 4410 quodammodo
2157 4340 2438 4395 afficiendo
2473 4341 2693 4395 animos.

596 4425 682 4490 17)
717 4425 1025 4480 Timotheus
1058 4422 1272 4496 quidem
1309 4425 1640 4479 notationem
1689 4426 1831 4480 hand
1866 4424 2027 4479 dubie
2063 4424 2222 4480 etiam
2258 4426 2372 4497 ipse
2409 4425 2662 4482 excitavit
2696 4424 2788 4492 (of.

455 4510 649 4581 fragm.
686 4515 736 4577 9,
780 4515 845 4566 10
876 4510 945 4577 Β)
982 4510 1143 4565 nimia
1178 4509 1246 4565 de
1281 4508 1451 4589 iQ
1461 4518 1575 4565 arte
1608 4509 1940 4580 gloriatione.
1980 4541 2046 4553 -—

1314 4589 1439 4613 Q
