3296 5369
1555 522 2040 632 -38-,

573 709 814 787 fabulis
832 761 850 795 ,
909 719 1049 777 tum
1106 712 1176 776 in
1234 710 1608 793 Melanippa
1679 711 1759 802 τῇ
1812 713 1991 800 σοφῇ
2050 713 2553 795 luculentissime
2609 715 2908 793 exhibuit
2973 720 2978 724 ’

531 835 706 897 qua
763 815 830 878 in
888 836 958 879 re
1016 813 1073 877 si
1128 810 1372 877 ,alicubi
1430 813 1717 897 approbo
1775 816 2088 879 rationem
2140 815 2372 899 judicii
2427 817 2905 901 Aristophanis,

574 916 697 980 Illa
740 917 910 980 enim
954 917 1022 980 111
1065 914 1288 979 fabula
1331 935 1476 1001 cum
1518 917 1697 998 virgo
1748 939 1789 982 a
1833 916 2138 1000 Neptuno
2181 919 2414 985 vitiata
2470 927 2732 1002 partum
2777 921 2908 989 edi·

550 1025 708 1082 tum
755 1018 926 1101 apud
971 1018 1165 1083 boves
1212 996 1584 1100 occulisset,
1647 1024 1715 1082 et
1614 1040 1961 1137 μω
2007 1026 2177 1085 esset
2218 1027 2296 1085 ut
2340 1032 2777 1091 cremarentur
2813 1024 2907 1087 in-

574 1119 787 1184 fantes
802 1168 820 1203 ,
880 1118 1283 1203 Melanippa,
1341 1095 1726 1202 probatum
1749 1142 1880 1185 11611
1925 1142 2065 1185 6666
2107 1122 2334 1235 utique
2377 1123 2779 1208 prodigium,
2839 1126 2908 1190 in

574 1222 838 1285 exordio
882 1222 1187 1287 orationis
1234 1223 1493 1304 exponit
1535 1222 1960 1306 Anaxagorea
1979 1224 2031 1309 9)

870 1344 1038 1387 κουκ
1082 1318 1234 1405 ἐμός
1280 1320 1316 1385 ὁ
1363 1323 1615 1402 μῦθος,
1655 1324 1807 1386 α’λλ
1850 1324 2015 1406 ἐμῆς
2051 1324 2308 1411 μητρὸς
2351 1325 2561 1410 πάρα,

823 1421 948 1500 ·ὡς
989 1423 1270 1508 οὐρανός
1313 1449 1383 1488 τε
1430 1424 1593 1504 γαῖά
1640 1422 1697 1489 τ’
1743 1417 1823 1504 ἦν
1865 1426 2100 1514 μορφή
2147 1425 2304 1510 μία·

870 1528 1011 1593 ἐπεὶ
1056 1529 1116 1591 δ’
1161 1525 1632 1611 ἐχωρίσθησαν
1677 1523 1995 1606 α’λλὴλων
2039 1525 2206 1614 ὃίχᾳ·

870 1629 1178 1697 τίκτουσι
1224 1626 1452 1694 πάντα
1502 1629 1894 1695 κάνέδωκαν
1940 1626 2040 1705 εἰς
2083 1631 2271 1716 φάος.
2320 1655 2371 1695 κ.
2423 1656 2477 1696 τ.
2528 1637 2590 1698 λ.

575 1731 922 1817 Euripides
971 1734 1192 1816 *igitur
1256 1730 1394 1814 ipse
1462 1731 1990 1816 111,.Τ11661116Ρ11.
2051 1734 2242 1797 initio
2314 1734 2475 1798 satis
2528 1736 2787 1819 spinose
2842 1740 2908 1800 et

575 1835 906 1903 subtiliter
976 1835 1208 1898 docens
1268 1854 1432 1916 quae
1488 1833 1765 1897 videnda
1823 1855 1989 1917 quae
2032 1835 2387 1916 audienda,
2447 1835 2725 1919 denique
2779 1836 2904 1903 dis-

573 1939 816 2003 crimen
860 1936 1143 2020 explicat
1187 1935 1361 2017 quod
1403 1935 1764 2000 intercedat
1821 1937 1987 2001 inter
2030 1936 2422 2003 audiendum
2466 1943 2532 2001 et
2559 1938 2908 2049 videndum

747 2039 932 2105 v.13
979 2033 1150 2102 οὕτω
1199 2037 1403 2103 ταῦτα
1451 2034 1759 2119 διεκρίθη
1807 2034 1974 2101 τότ..ο

978 2128 1205 2237 αῙθήρ
1251 2140 1382 2222 γάρ
1429 2130 1538 2203 ὅτε
1585 2138 1672 2203 τοὶ
1713 2138 1947 2223 πρῶτα
1992 2136 2406 2225 διεχωρίζετο

983 2242 1098 2304 καὶ
1147 2241 1251 2317 ζῷ’
1295 2239 1363 2304 ἐν
1404 2239 1586 2304 αὐτῶ
1627 2237 2011 2316 ξυνετέκνου
2050 2241 2399 2324 κινούμενα

825 2407 830 2413 ,
980 2334 1031 2431 ᾦ
1073 2346 1191 2423 μὲν
1231 2343 1496 2428 βλέπειν
1530 2341 1653 2426 χρή
1704 2340 1902 2426 πρῶτ’
1939 2341 2410 2429 ’ἐμηχανήσατο
2453 2367 2508 2408 κ.
2551 2369 2608 2411 τ.
2658 2344 2715 2411 λ.

575 2447 887 2512 Helenam
926 2443 1257 2527 Euripidis
1298 2466 1498 2526 quam
1541 2451 1711 2509 recte
1757 2465 1988 2525 novam
2033 2446 2388 2530 appellavit
2432 2446 2902 2533 Aristophanes

577 2570 692 2614 cur
748 2549 818 2615 in
876 2545 1262 2629 Thesmoph.
1322 2566 1439 2628 per
1494 2547 1829 2630 parodiam
1881 2548 2285 2633 imitaretur,
2360 2572 2490 2614 non
2562 2557 2663 2616 est
2733 2550 2905 2634 quod

490 2681 494 2684 ⁴
576 2651 783 2726 fusius
845 2649 1268 2733 explicemuS‚
1337 2669 1481 2713 cum
1539 2656 1605 2714 et
1660 2647 2068 2714 Stesichorea
2121 2650 2291 2714 ratio
2344 2651 2550 2735 mythi
2598 2673 2795 2736 quam
2836 2654 2906 2717 in

576 2754 914 2837 tragoedia
947 2750 1330 2818 exhibuerat
1360 2751 1723 2835 Euripides,
1761 2757 1827 2816 et
1855 2749 2180 2822 calliditas
2208 2752 2693 2837 μηχανήματος
2721 2776 2905 2834 usur-

573 2858 715 2940 pati
746 2856 828 2920 ad
858 2854 1390 2937 Theoclymenem
1422 2853 1865 2938 decipiendum
1890 2861 1975 2919 161
2017 2854 2479 2938 aufugiendum
2519 2857 2678 2921 satis
2711 2855 2906 2922 offen-

578 2958 752 3026 disse
790 2956 1132 3021 videantur
1176 2954 1709 3040 Aristophanem,
1769 2977 1887 3022 nec
1930 2978 2061 3046 non
2097 2957 2358 3039 singula
2398 2958 2608 3034 multa
2649 2968 2719 3024 ut
2760 2979 2904 3042 pro-

575 3060 759 3144 logus
788 3058 1089 3123 Helenae.
1151 3058 1366 3124 Etiam
1396 3058 1869 3125 Andromedam
1915 3064 1981 3122 et
2023 3060 2230 3142 ipsam
2275 3079 2445 3123 anno
2476 3062 2619 3124 411.
2652 3059 2909 3138 doctam

572 3163 646 3237 in
675 3183 863 3228 usum
893 3181 1080 3225 suum
1110 3161 1425 3230 convertit
1439 3159 1928 3243 Aristophanem
1958 3181 2087 3225 non
2119 3167 2357 3226 temere
2387 3182 2559 3243 vero,
2590 3162 2905 3245 6111116111-

578 3265 723 3332 dem
758 3267 824 3327 et
853 3263 1255 3332 novationem
1300 3264 1460 3328 satis
1493 3262 1875 3330 insolentem
1898 3260 2112 3328 Echus
2156 3264 2535 3328 inseruisset
2562 3263 2903 3344 Euripides

577 3373 644 3432 et
685 3366 988 3430 Perseum
1046 3364 1308 3436 heroem
1351 3363 1765 3435 Medusarum
1820 3364 2301 3430 interfectorem
2351 3365 2604 3448 puellae
2646 3371 2904 3444 tenerae

581 3468 883 3547 similiter
928 3487 1144 3531 amore
1187 3488 1384 3550 quam
1427 3466 1736 3532 acerrimo
1781 3465 2081 3531 affectum
2127 3473 2191 3531 et
2217 3467 2419 3532 multa
2448 3466 2916 3532 declamantem

582 3572 661 3636 de
709 3559 1033 3635 momento
1080 3589 1155 3633 ac
1197 3569 1261 3632 vi
1304 3570 1543 3635 amoris
1573 3569 2006 3652 expressisset.
2090 3569 2423 3636 Rationem
2460 3589 2609 3634 vere
2643 3566 2918 3635 facetiae

586 3671 827 3738 Comici
867 3669 991 3735 hac
1021 3671 1338 3755 inprimus
1374 3672 1444 3736 in
1465 3692 1536 3735 re
1562 3677 1696 3737 tam
1719 3676 2021 3737 accurate
2050 3671 2532 3754 explicaverunt
2556 3668 2915 3736 Fritschius

577 3776 646 3839 in
692 3774 808 3839 Ed.
836 3772 1111 3858 Thesm,
1147 3772 1537 3858 TaeuberuS,
1573 3771 1668 3838 De
1700 3796 1821 3838 usu
1851 3772 2162 3856 parodiae
2207 3773 2378 3857 apud
2397 3773 2913 3857 Aristophanem.

578 3876 819 3961 prolus.
870 3876 1095 3959 Gymn.
1129 3877 1169 3941 J
1173 3874 1351 3944 oach.
1384 3876 1595 3942 Berol.
1630 3875 1797 3946 1849
1828 3896 1973 3959 pag.
1996 3876 2079 3940 35
2104 3897 2243 3959 sqq.
2272 3873 2641 4010 Rb'peckiUS,
2684 3882 2761 3940 ut
2788 3895 2917 3940 non

578 3978 854 4050 habeam
898 3979 1072 4061 quod
1117 3978 1392 4063 amplius
1435 3979 1929 4061 accuratiusque
1972 3977 2225 4044 addam.

579 4148 698 4220 quis
748 4147 881 4202 elius
928 4157 1145 4220 praeter
1194 4147 1467 4202 Socratem
1531 4147 1925 4218 indignissimus
1983 4147 2075 4219 qui
2134 4148 2293 4203 toties
2347 4147 2572 4219 turpiter
2616 4144 2844 4203 violatus
2889 4163 2921 4200 a

579 4223 780 4289 comico
815 4235 870 4289 in
908 4253 1065 4289 scena
1100 4234 1452 4306 agitaretur.“

719 4325 774 4388 9)
823 4321 965 4374 Rem
1030 4338 1196 4392 aeque
1259 4319 1547 4376 absu‘rdam
1605 4326 1735 4389 puto
1796 4336 1856 4372 ac
1902 4319 1947 4373 si
2000 4318 2361 4392 Shakespeare
2417 4318 2466 4374 si
2525 4336 2664 4373 nunc
2709 4316 2924 4390 quidem

579 4406 780 4462 viveret
829 4405 1119 4475 Imogenae
1175 4424 1301 4460 suae
1348 4403 1432 4460 vel
1493 4405 1642 4475 Lady
1691 4404 1947 4462 Macbeth
2008 4405 2266 4462 tribueret
2323 4405 2673 4476 declamanda
2728 4403 2924 4475 placita

584 4491 920 4570 physicorum
955 4494 1045 4566 qui
1080 4510 1220 4568 nunc
1252 4499 1375 4547 sunt
1408 4500 1468 4546 ut
1504 4489 1859 4548 evolutionem
1893 4508 2028 4564 quae
2064 4492 2255 4550 dicitur
2290 4491 2530 4550 Darvini.
