3296 5369
1468 576 1887 642 ..30-

605 767 661 810 v.
712 745 876 810 1154
900 744 1205 834 ’σμικρὸν
1250 743 1310 812 δ’
1352 742 1760 824 ὑποθέσθαι
1804 751 1946 823 τοῖς
1992 743 2701 832 xenaias-stobaeum·

917 850 1060 925 τοῖς
1117 851 1366 937 σοφοῖς
1417 849 1580 933 μέν,
1640 851 1767 915 τῶν
1808 852 2057 937 Ισοφῶν
2112 847 2557 932 μεμνημένοις
2603 843 2849 935 κρίνειν

864 952 871 961 ’
1631 950 1768 1035 ἐμέ,
1814 975 1872 1017 κ.
1920 974 1974 1016 τ.
2020 951 2079 1014 λ.

513 1051 967 1118 Frustulorum
1024 1073 1191 1137 quae
1249 1058 1593 1138 praeterea
1651 1054 2040 1136 placitorum
2097 1016 2692 1138 philosophicorum
2743 1051 2847 1117 de-

513 1154 1009 1239 prehenduntur
1051 1157 1120 1220 in
1162 1155 1546 1239 fragmentis
1571 1154 1993 1242 Comicorum,
2038 1172 2169 1223 non
2196 1154 2447 1221 inutilis
2485 1153 2650 1220 mihi
2675 1153 2849 1218 vide-

519 1263 622 1323 tur
666 1258 1068 1342 conquisitio.
1117 1295 1196 1306 —-
1239 1258 1693 1341 Theopompus
1737 1259 1808 1324 in
1849 1259 2228 1344 Hedychare
2273 1256 2344 1321 fr.
2384 1257 2442 1320 2.

899 1353 1019 1424 ιἘν
1060 1358 1193 1444 γάρ
1240 1359 1420 1423 ἐστιν
1462 1356 1612 1425 οὐδὲ
1658 1356 1733 1425 ἕν

918 1459 1005 1524 τοὶ
1050 1464 1121 1526 δὲ
1166 1460 1288 1527 δύο
1330 1459 1527 1546 μόλις
1570 1459 1646 1527 ἑν
1689 1460 1891 1535 ἐστιν,
1935 1455 2020 1535 ὥς
2061 1483 2232 1548 φησι
2284 1457 2592 1525 Πλάτων.

515 1561 748 1647 quibus
792 1561 1065 1627 irridere
1105 1562 1362 1629 videtur
1412 1569 1515 1643 (--
1557 1567 1768 1631 locum
1824 1564 2145 1630 Meinekio
2198 1562 2423 1642 debeo)
2483 1581 2650 1646 quae
2693 1561 2847 1629 satis

512 1665 788 1732 obscura
828 1666 968 1729 visa
1011 1664 1253 1733 fuerint
1293 1666 1385 1730 in·
1405 1666 1699 1732 Platonis
1741 1666 2086 1732 Phaedone
2130 1685 2191 1749 p.
2232 1667 2364 1732 104.
2397 1664 2727 1747 disputata
2767 1661 2846 1727 de

511 1768 846 1834 contraria
922 1768 1194 1833 invicem
1268 1767 1416 1833 idea
1478 1769 1659 1853 paris
1727 1775 1796 1834 et
1865 1768 2152 1852 imparis.
2261 1766 2486 1852 Apud,
2520 1763 2847 1831 Eubulum

512 1868 1127 1956 (Sphingocario,1)
1174 1871 1468 1952 aenigma
1510 1869 1899 1955 proponitur
1943 1870 2022 1935 de
2067 1867 2445 1936 Callistrato
2492 1869 2844 1951 demagogo

521 1970 891 2056 (Iphicratis
935 1971 1185 2055 collega
1225 1992 1374 2036 ann.
1418 1971 1573 2059 373)

743 2068 933 2138 Ἔστι
975 2072 1194 2138 λαλῶν
1238 2068 1603 2156 ἄγλωσσος,
1648 2069 1992 2157 ὁμώνυμος
2036 2058 2262 2159 ἄρρενι
2309 2066 2530 2150 θῆλυς
2573 2093 2635 2139 κ.
2681 2093 2736 2135 τ.
2782 2069 2839 2133 λ

593 2197 648 2240 v.
669 2179 711 2243 4
756 2170 845 2240 ’ἐν
888 2174 946 2238 δ’
990 2174 1223 2239 ἐστὶν
1267 2177 1407 2239 καὶ
1453 2172 1767 2249 πολλά,
1816 2198 1871 2239 κ.
1921 2197 1975 2242 τ.
2024 2176 2085 2241 λ

512 2297 681 2359 quae
727 2277 979 2342 videtur
1033 2278 1193 2343 mihi
1255 2297 1392 2342 esse
1436 2276 1650 2342 irrisio
1692 2276 2015 2342 Platonici
2033 2280 2114 2363 44)
2161 2275 2240 2341 de
2282 2296 2500 2354 rerum
2545 2273 2841 2340 sensibus

509 2377 906 2461 objectarum
956 2380 1374 2444 multitudine
1432 2400 1507 2444 ac
1549 2380 1839 2446 idearum
1890 2380 2144 2445 unitate
2187 2377 2425 2464 placiti
2457 2376 2845 2461 frequentis-

507 2481 666 2546 sime
747 2481 815 2545 in
893 2480 1171 2564 dialogis
1235 2481 1494 2566 prolati.
1601 2480 1927 2576 Quantum
1985 2480 2430 2548 doctrinarum
2504 2477 2848 2545 inseruerit

507 2582 992 2647 Platonicarum
1037 2583 1506 2666 Aristophanes
1565 2582 1824 2649 fabulae
1883 2583 1942 2647 ei
2001 2602 2194 2667 quam
2240 2572 2531 2648 Platonis
2589 2571 2847 2647 nomine

509 2686 839 2768 inscripsit
912 2683 1077 2751 scire
1148 2707 1280 2751 non
1358 2686 1513 2751 licet
1580 2708 1700 2771 pro
1775 2686 2061 2751 exilitate
2148 2683 2593 2768 reliquiarum.
2678 2680 2844 2747 Prae

510 2775 741 2853 ceteris
798 2787 1055 2852 comicis
1112 2788 1383 2853 multam
1442 2808 1710 2903 operam
1760 2787 2013 2853 dedisse
2068 2787 2322 2853 videtur
2373 2806 2519 2851 cum
2562 2783 2847 2869 philoso-

510 2889 760 2972 phandi
814 2890 1099 2956 universi
1157 2896 1297 2953 tum
1347 2887 1635 2955 Platonis
1692 2890 1974 2955 irrisioni
2001 2887 2237 2954 Alexis
2258 2886 2340 2974 4⁵)
2384 2887 2684 2953 comicus.
2770 2884 2849 2950 In

510 2990 789 3056 Milcone
841 2991 1068 3057 irridet
1108 2991 1399 3057 Platonis
1444 2991 1522 3055 de
1568 2990 1923 3057 stabilitate
1967 2992 2203 3076 speciei
2247 2991 2540 3055 idearum
2586 2984 2692 3074 (τὸ
2732 3010 2847 3072 μο-

508 3094 773 3168 νοειδὲς·
794 3093 923 3158 τῶν
967 3085 1185 3173 ἰδὲων)
1235 3092 1633 3159 doctrinam:
1680 3090 2000 3178 τάγαθὸν
2044 3089 2347 3157 Πλάτων

648 3419 738 3480 44)
773 3414 1047 3473 Quantum
1096 3415 1329 3469 curarint
1361 3415 1717 3474 Athenienses
1767 3417 2145 3488 posterioribus
2190 3417 2405 3489 quidem
2441 3414 2679 3469 Platonis
2715 3422 2851 3468 tem-

512 3499 730 3572 poribus
765 3498 1079 3572 intellegere
1126 3508 1181 3555 et
1214 3501 1492 3571 comperiri
1527 3502 1655 3573 quid
1689 3502 1905 3557 doceret
1937 3520 2107 3573 quove
2154 3503 2314 3557 modo
2351 3520 2407 3556 se
2443 3501 2664 3556 baberet
2696 3499 2853 3553 Plato

507 3587 564 3641 in
613 3585 785 3639 hortis
832 3585 937 3639 suis
986 3587 1303 3640 documento
1359 3594 1483 3640 sunt
1527 3603 1708 3641 versus
1766 3576 2027 3658 Epicratis
2073 3586 2256 3641 comici
2301 3586 2489 3641 incert.
2536 3586 2642 3640 fab.
2696 3586 2763 3639 fr.
2803 3588 2848 3640 1.

511 3671 672 3742 Apud
717 3671 1023 3742 Ephippum
1072 3671 1127 3725 in
1162 3667 1397 3743 Na'uago
1432 3672 1748 3726 describitur
1782 3673 2002 3727 vestitus
2049 3670 2294 3744 discipuli
2340 3670 2560 3728 alicuius
2596 3669 2848 3725 Platonis.

508 3754 768 3810 Anaxilas
803 3757 968 3810 irrisit
1002 3756 1280 3810 Platonem
1316 3757 1369 3810 in
1400 3757 1598 3812 sabulis
1632 3757 1782 3820 Circe
1818 3757 2126 3828 Botrylione
2162 3756 2352 3811 Plusiis
2386 3756 2548 3826 Diog.
2579 3755 2644 3810 L.
2662 3753 2750 3809 111
2763 3758 2846 3822 28,

509 3841 737 3913 Ophelio
774 3842 1003 3895 comicus
1037 3841 1220 3897 incert.
1260 3843 1370 3896 fab.
1411 3844 1474 3898 fr.
1514 3847 1576 3897 2:
1618 3873 1675 3885 -·-
1719 3845 1965 3912 ,βίβλων
2003 3841 2287 3903 Πλάτωνος
2319 3840 2736 3913 ἒμβρόντητον.“

644 3944 738 4013 45)
772 3942 956 3997 Alexis
1001 3944 1056 3996 in
1103 3943 1437 4014 Ancylione›
1499 3943 1731 4015 loqueris
1778 3945 1845 3999 de
1879 3944 2069 4016 quibus
2115 3945 2190 4000 nil
2236 3943 2529 4017 intellegis,
2583 3953 2645 3999 ut
2675 3942 2850 3998 Plato.

510 4028 674 4097 Diog.
716 4023 1031 4086 L..111'27.
1102 4027 1251 4082 Idem
1302 4029 1548 4083 Comicus
1592 4030 1776 4102 laudat
1821 4030 2084 4101 (Hippeus
2141 4032 2205 4085 fr.
2245 4031 2295 4097 1)
2364 4025 2714 4096 Demetrium}
2759 4028 2851 4082 ali·

509 4130 665 4185 quem
704 4112 850 4183 quod
888 4112 1065 4183 legem
1100 4112 1309 4166 tulisset
1343 4113 1449 4179 (vel
1486 4115 1623 4168 ferre
1670 4124 1887 4182 conatus
1935 4122 2091 4182 esset)
2128 4118 2415 4171 secundum
2464 4132 2625 4187 quam
2671 4131 2852 4168 omncs

507 4196 807 4268 philosophi
842 4215 908 4251 ex
941 4198 1127 4251 Attica
1160 4197 1431 4268 relegandi
1466 4199 1701 4254 fuissent.
1778 4201 1845 4253 cf.
1897 4200 2125 4255 Casaub.
2165 4202 2235 4255 ad
2269 4201 2467 4256 Athen.
2500 4200 2640 4254 XIII
2675 4201 2779 4255 610
2794 4217 2840 4253 e.

509 4282 671 4341 Quod
701 4281 983 4337 Platonem
1034 4283 1248 4355 quidem
1295 4285 1525 4338 maxime
1576 4285 1748 4339 odisse
1783 4286 2063 4341 videantur
2099 4286 2319 4353 comici,
2368 4285 2446 4340 nil
2481 4286 2674 4340 mirum
2703 4284 2850 4338 vide-

510 4367 658 4422 bitur
694 4386 816 4442 curn
851 4368 1251 4438 perlustraveris
1286 4387 1421 4440 quae
1455 4371 1607 4425 Plato
1643 4371 1698 4426 in
1735 4370 1966 4442 Republ.
2006 4389 2103 4426 sua
2148 4390 2267 4425 cum
2304 4372 2371 4426 de
2405 4371 2649 4425 universa
2681 4368 2845 4442 poesi,

506 4452 680 4525 qualis
732 4452 948 4524 quidem
994 4454 1168 4510 adhuc
1218 4455 1510 4527 extitisset,
1564 4464 1677 4515 tum
1725 4457 1794 4519 de
1842 4457 2116 4517 comoedia
2163 4475 2240 4511 ex
2287 4474 2405 4512 sua
2463 4456 2677 4517 civitate
2739 4453 2851 4528 pel-

508 4538 671 4596 lenda
715 4537 1093 4612 disputaverat.
2212 4567 2218 4573 ·
