3296 5369
1486 626 1938 719 -4-.’

504 822 896 926 ⁴conspectu
962 828 1281 925 positum
1344 826 1498 902 fore
1548 828 1628 901 in
1673 828 1897 901 hocce
1949 784 2183 923 capite
2236 825 2486 914 altere,
2542 851 2842 900 consen-

508 959 806 1023 taneum
830 947 876 1046 ¹)
941 957 1120 1044 puto
1186 972 1335 1021 esse
1388 973 1556 1021 cum
1607 947 1711 1021 eis
1731 1004 1749 1036 ‚
1806 971 1993 1042 quae
2046 949 2134 1021 de
2184 947 2453 1020 finibus
2501 948 2841 1043 parodiae

509 1069 870 1165 disputavi
921 1069 1000 1140 in
1051 1068 1419 1163 prooemio
1466 1067 1721 1141 libelli.

1600 1492 1643 1579 g
1689 1492 1752 1560 1.

676 1660 1097 1726 Pherecrates
1115 1662 1168 1746 2)
1211 1678 1330 1746 per
1379 1661 1712 1743 parodiam
1757 1660 1963 1725 illusit
2005 1659 2270 1724 verbum
2315 1656 2657 1744 χυτρὶζειν
2698 1682 2840 1727 cum
2909 1664 2912 1667 ’

508 1762 983 1847 significatione
1026 1761 1457 1828 interficiendi
1499 1783 1538 1825 a
1564 1762 1881 1844 Sophocle
1939 1769 2318 1845 usurpatum
2347 1761 2625 1827 fortasse
2671 1765 2845 1848 quod

506 1867 853 1933 translatio
898 1887 975 1929 ea
1017 1887 1248 1950 parum
1292 1865 1490 1948 digna
1531 1865 1669 1930 visa
1711 1863 1911 1929 fuerit
1952 1884 2245 1928 sermone
2289 1864 2554 1946 tragico.
2601 1863 2703 1945 (fr.
2749 1867 2844 1931 in-

507 1972 663 2032 cert.
685 1967 812 2054 81).
898 1966 1157 2033 Strattis
1188 1966 1482 2032 Comicus
1518 1967 1706 2050 quasi
1733 1966 2147 2050 proposuisse
2181 1965 2301 2031 sibi
2340 1964 2612 2051 videtur,
2658 1967 2841 2032 Euri-

505 2069 675 2151 pidis
733 2068 988 2134 fabulas
1040 2067 1537 2154 perstringendo
1581 2067 1881 2151 frangere
1926 2075 1992 2132 et
2032 2066 2298 2150 perdere
2319 2071 2366 2147 3)
2415 2066 2839 2151 (ὃιακναίειν)

505 2173 598 2237 ita
641 2171 902 2254 quidem
945 2177 1017 2237 ut
1074 2191 1239 2254 quae
1283 2171 1540 2254 singula
1580 2193 1815 2255 parum
1857 2177 2040 2239 recta
2082 2171 2220 2234 visa
2262 2168 2526 2251 fuerint,
2574 2170 2841 2255 diligen-

436 2292 441 2299 ·
506 2273 749 2339 tissime
792 2279 1070 2339 notaret.
1161 2271 1432 2355 Scripsit
1475 2272 1736 2356 quidem
1792 2272 2100 2356 integras
2139 2270 2502 2336 comoedias
2548 2270 2843 2338 Medeam

510 2380 575 2439 et
615 2372 1004 2440 Phoenissas
1047 2396 1317 2458 quarum
1367 2374 1492 2438 duo
1537 2374 1897 2456 fragmenta
1941 2373 2295 2439 ostendunt
2337 2373 2655 2440 rationem
2699 2395 2842 2438 cen·

509 2497 716 2542 surae.
771 2476 1101 2560 Euripidis
1133 2477 1200 2541 in
1228 2476 1599 2541 Phoenissis
1628 2473 1670 2538 J
1675 2481 1897 2540 ocasta
1928 2476 2354 2541 conciliatura
2377 2474 2544 2541 filios
2571 2476 2843 2540 invicem

589 2579 718 2644 460
760 2575 1164 2662 παραινέσαι
1208 2578 1279 2641 δὲ
1325 2579 1509 2663 σφῶν
1557 2596 1614 2641 τι
1657 2575 1982 2664 βούλομαι
2025 2574 2273 2662 σοφόν
2321 2571 2487 2641 ὅταν
2512 2573 2713 2661 φίλος
2746 2599 2843 2651 τις

760 2680 958 2764 α’νδρὶ
1008 2679 1371 2763 θυμωθεὶς
1412 2675 1589 2769 φίλω
1633 2678 1697 2757 ἐς
1754 2673 1829 2745 ἓν
1871 2674 2298 2756 ξυνελθων”
2263 2677 2507 2763 ομματ’
2543 2678 2843 2762 ὄμμασιν

761 2779 925 2871 διδῷ
967 2779 1074 2870 ἐφ’
1117 2771 1295 2847 οἶσιν
1342 2773 1488 2861 η’κει
1536 2782 1744 2846 ταῦτα
1781 2780 1909 2866 χρή
1955 2780 2168 2863 μόνον
2212 2784 2492 2846 σκοπεῖν
2865 2815 2868 2820 ·

509 2884 685 2968 quod
733 2881 1139 2952 indicaturus
1201 2884 1457 2950 Strattis
1516 2904 1645 2948 non
1708 2891 1845 2952 tam
1905 2883 2260 2968 sapientiae
2321 2885 2434 2950 sed
2490 2883 2842 2949 communis

506 2987 993 3071 intellegentiae
1038 3006 1196 3068 esse,
1243 3008 1422 3051 suam
1466 2985 1624 3050 facit
1665 2986 1998 3050 Jocastam
2041 2984 2220 3068 loqui
2263 2984 2340 3049 fr.
2390 2987 2443 3050 1.

760 3086 1168 3171 παραινέσαι
1225 3090 1298 3153 δὲ
1358 3088 1546 3176 σφῷν
1605 3110 1668 3150 τι
1722 3083 2057 3175 βούλοιιαι
2116 3084 2335 3176 σόφον
2393 3083 2557 3199 ὅταν
2606 3089 2845 3177 φακῆν

761 3180 1006 3273 ἕψητε,
1049 3214 1143 3273 μη
1189 3185 1417 3274 ’πιχεῖν
1456 3185 1691 3273 μῦρον.

506 3292 700 3374 Apud
742 3287 1120 3375 Euripidem
1179 3313 1323 3356 cum
1368 3288 1450 3376 (v.
1495 3290 1666 3366 545).
1750 3292 2038 3356 Jocasta
2072 3289 2343 3356 dixisset
2399 3291 2597 3357 etiam
2645 3291 2844 3357 solem

505 3394 855 3475 lunamque
913 3393 1244 3459 hominum
1301 3393 1610 3457 inservire
1682 3392 2031 3458 commodis
2098 3414 2215 3457 suo
2290 3414 2608 3477 quemque
2666 3414 2844 3459 more

507 3516 717 3577 neque
760 3515 911 3559 vero
956 3494 1129 3558 inter
1175 3515 1243 3559 se
1287 3494 1680 3560 contendere

673 3596 799 3661 546
843 3585 987 3659 εἶθ
1035 3586 1220 3675 η’λιος
1274 3598 1394 3679 μὲν
1450 3594 1569 3673 νύξ
1626 3619 1699 3659 τε
1767 3592 2064 3662 δουλεύει
2119 3596 2417 3683 βροτοῖς,
2477 3616 2558 3660 συ
2615 3592 2673 3658 δ’
2719 3594 2841 3660 οὐκ

845 3696 1063 3775 οἶνὲξει
1106 3696 1434 3781 δωμάτων
1480 3693 1643 3783 ἔχων
1688 3697 1838 3762 ἴσον
1884 3735 1962 3745 --

507 3800 682 3884 quod
726 3806 1177 3882 argumentum
1219 3799 1425 3884 magis
1462 3800 1716 3865 scholas
1751 3799 2084 3866 rhetorum
2113 3802 2287 3865 olere
2322 3821 2514 3883 quam
2540 3800 2581 3865 J
2586 3805 2845 3864 ocastae

507 3902 846 3968 convenire
888 3902 1215 3985 putaverit
1258 3899 1553 3978 Strattis3
1599 3902 1738 3985 ejus
1785 3901 1941 3968 dicit
1978 3902 2270 3968 Jocasta:

647 4109 696 4170 1)
736 4104 871 4159 Cum
905 4111 1139 4160 ceterum
1173 4103 1317 4158 aliud
1352 4106 1423 4158 sit
1457 4105 1722 4176 explicare
1752 4104 1942 4177 judicii
1978 4106 2240 4177 originem
2275 4114 2331 4161 et
2362 4113 2634 4171 naturam,
2675 4104 2841 4171 aliud,

505 4189 761 4243 disserere
797 4208 865 4243 an
898 4198 1103 4244 rectum
1138 4197 1192 4243 et
1218 4190 1426 4260 justum
1461 4190 1634 4254 fuerit,
1676 4209 1752 4262 pr
1768 4192 1784 4245 i
1800 4209 1872 4244 us
1907 4192 2179 4262 proprium
2216 4200 2299 4245 est
2332 4191 2573 4254 instituto
2611 4189 2844 4262 disputa-

505 4274 662 4329 tionis
705 4293 877 4330 meae.
948 4274 1283 4344 Hartungius
1318 4276 1535 4347 quidem
1572 4276 1821 4331 continuo
1859 4276 2161 4330 confudisse
2197 4277 2404 4331 videtur
2439 4284 2740 4348 utrumque.

640 4364 695 4427 2)
731 4361 885 4415 Idem
919 4360 1047 4432 quid
1080 4360 1134 4413 in
1160 4360 1336 4414 verbis
1361 4361 1554 4416 Electr.
1577 4364 1643 4416 68
1673 4359 1710 4411 αὖ
1748 4364 1843 4426 γῆς
1879 4360 2154 4429 ἰσόμοιρος
2189 4362 2303 4431 cim?
2345 4361 2845 4433 reprehendendum

506 4444 771 4511 habuerit,
800 4463 989 4517 parum
1012 4445 1196 4516 liquet.
1251 4445 1519 4517 Equidem
1555 4446 1832 4517 perediam
1864 4449 2021 4519 capiti
2057 4448 2216 4519 priori
2255 4448 2431 4519 potius
2457 4445 2839 4516 adscripserim.

644 4535 697 4597 3)
734 4532 799 4586 Id
845 4530 1061 4602 quidem
1108 4531 1661 4602 (Ανθρωπορῥαίστης
1709 4533 1771 4588 fr.
1814 4532 1862 4604 I)
1909 4532 2061 4605 quasi
2110 4533 2383 4604 proprium
2432 4551 2493 4587 ac
2541 4549 2696 4586 suum
2741 4529 2845 4585 sibi

505 4614 754 4674 vindicat.
