3296 5369
1453 538 1834 609 ...9...

643 711 952 780 Venimus
976 711 1114 796 jam
1143 712 1228 778 ad
1261 714 1567 798 parodias
1592 735 1706 781 eas
1738 714 1972 798 quibus
2002 711 2082 778 de
2121 711 2393 798 singulis
2423 710 2814 798 Euripideae

474 816 744 882 rationis
800 814 1170 899 tragoediae
1226 815 1524 900 partibus
1580 836 1919 880 censuram
1978 815 2291 899 expressit
2324 814 2812 900 Aristophanes.

643 918 859 1002 Atque
903 917 1165 1000 quidem
1206 918 1591 1002 prologis
1636 918 2004 1003 Euripideis
2050 918 2288 1002 objecit
2319 917 2813 1004 AristophaneS,

477 1020 652 1103 quod
707 1041 837 1085 non
882 1019 1186 1085 diverbiis
1231 1020 1422 1085 initio
1467 1019 1657 1086 factis
1702 1025 1911 1086 status
1952 1041 2171 1085 rerum
2214 1018 2660 1086 ostenderetur
2702 1021 2817 1086 sed

478 1122 562 1189 ab
634 1142 1099 1205 unaquaquam
1168 1140 1592 1205 personarum
1665 1121 1925 1207 longam
1981 1118 2341 1205 orationem
2411 1121 2816 1189 declamante

474 1229 674 1307 atque
717 1198 1065 1288 mm
1109 1224 1340 1291 seriem
1383 1229 1727 1291 eventuum
1768 1246 1847 1290 ex
1888 1224 2113 1308 primis
2156 1223 2380 1308 stirpis
2424 1223 2573 1289 fatis
2601 1245 2809 1308 usque

478 1324 563 1390 ad
594 1346 725 1413 ‘sua
767 1324 973 1409 ipsius
1015 1330 1330 1410 tempora,
1376 1346 1667 1393 sermone
1726 1326 2015 1410 longiore
2060 1346 2254 1410 quam
2294 1327 2664 1392 venustiore
2706 1346 2813 1393 ne-

476 1447 602 1510 que
646 1446 763 1510 pro
808 1428 1122 1509 peculiari
1174 1426 1393 1492 indole
1435 1448 1751 1511 personae
1805 1427 2150 1510 loquentis.
2238 1428 2437 1494 Moris
2495 1429 2813 1494 tritissimi

478 1529 638 1610 quin
700 1528 1021 1594 taeduerit
1070 1550 1202 1595 non
1244 1529 1749 1614 Aristophanem
1809 1530 2017 1595 solum
2071 1550 2202 1595 non
2247 1528 2515 1595 dubium
2558 1530 2814 1621 videtur

476 1631 855 1714 praesertim
900 1652 1042 1697 cum
1088 1633 1157 1697 in
1200 1636 1483 1697 mentem
1525 1632 1844 1696 revocaris
1887 1637 1991 1697 ter
2024 1638 2325 1714 quaterve
2361 1633 2431 1697 in
2461 1626 2815 1716 paucarum

477 1732 788 1799 horarum
830 1734 1043 1816 spatio
1087 1732 1360 1798 eandem
1402 1732 1684 1815 speciem
1725 1733 2134 1798 exordiorum
2179 1733 2568 1799 audiendam
2612 1732 2812 1799 fuisse

477 1833 946 1918 spectatoribus
994 1833 1099 1915 (cf.
1142 1835 1341 1901 Kock.
1387 1834 1469 1900 ad
1511 1834 1674 1899 Rau.
1720 1836 1932 1921 1200).
2018 1834 2236 1901 Habes
2280 1836 2349 1901 in
2392 1834 2813 1901 Aeolosicone

479 1935 813 2020 Aristoph.

993 2038 1074 2103 fr.
1121 2039 1181 2104 7.
1211 2034 1410 2104 “1wa
1456 2036 1825 2123 Θεαρίωνος
1870 2036 2285 2123 ἀρτοπώλιον

1234 2139 1472 2214 λιπών,
1513 2132 1584 2209 ἵν
1627 2141 1766 2206 ἐστὶ
1812 2142 2136 2228 κριβάνων
2180 2140 2453 2207 ἑδώλια·

481 2241 558 2306 cf.
601 2241 839 2307 Troad.
881 2241 1102 2326 Eurip.
1146 2243 1195 2308 I.
1223 2238 1411 2307 “wa
1454 2244 1663 2308 λιπών
1710 2243 1989 2322 Αἴγαιον
2030 2234 2337 2330 ἅλμυρον
2373 2240 2602 2331 βάθος

1240 2344 1496 2410 πόντον
1527 2346 1875 2411 Ποσειδῶν
1922 2342 2100 2411 ἔνθα
2119 2346 2449 2435 Νηρῃδῷν
2520 2343 2662 2431 ὁροι
2693 2352 2813 2410 etc.

936 2445 1083 2511 Jon.
1127 2446 1185 2510 5.
1220 2441 1407 2510 ’Ήκω
1451 2429 1527 2547 6}
1573 2448 1847 2536 Δελφῶν
1890 2445 2087 2526 τήνδε
2133 2445 2279 2531 γῆν,
2324 2441 2411 2512 ἵν’
2495 2448 2691 2534 μφαλ
2738 2470 2773 2512 ν

1216 2547 1437 2631 ,μέσον
1499 2550 1809 2628 καθίζων
1866 2549 2125 2632 Φοῖβος
2177 2546 2464 2634 ὑμνωδει
2518 2550 2812 2634 βροτοῖς.

479 2648 776 2716 Rationis
822 2648 1205 2735 Euripideae
1248 2653 1460 2735 gentis
1519 2650 1876 2718 conditores
1934 2656 2001 2716 et
2054 2650 2193 2718 fata
2236 2651 2584 2719 enarrandi
2626 2674 2814 2738 paro-

481 2751 655 2817 diam
684 2773 768 2817 an
802 2754 1160 2837 exprimere
1180 2754 1462 2819 voluerit
1482 2754 1950 2837 Aristophanes
1987 2755 2055 2819 in
2082 2754 2376 2821 versibus
2399 2755 2652 2821 Ach.4·7
2671 2777 2812 2840 sqq.

479 2855 725 2929 nescio;
785 2855 1152 2921 Scholiasta
1200 2855 1464 2939 quidem
1516 2859 1684 2938 'quae
1737 2857 1921 2922 dicit:
2009 2857 2228 2941 „Haec
2270 2858 2564 2940 loquitur
2606 2857 2814 2924 facete

476 2954 754 3021 irridens
818 2956 1193 3040 Euripidem
1266 2957 1381 3040 qui
1444 2960 1687 3024 multus
1748 2965 1851 3023 est
1917 2960 1985 3026 in
2057 2958 2439 3024 enarrandis
2515 2960 2813 3044 gentibus

479 3026 667 3165 (.,oe²}2
714 3053 916 3136 ἡδέως
959 3057 1481 3144 α’παγγέλλοντα
1537 3057 1624 3123 τὰ
1680 3061 1911 3146 γένηόί)
1968 3061 2259 3143 priorum
2313 3062 2616 3128 videntur
2673 3083 2813 3127 esse

475 3165 1080 3244 commentatorum,
1126 3160 1386 3247 Didymi
1428 3160 1719 3228 fortasse.
1806 3162 2057 3229 Versib.
2102 3162 2169 3227 ll.
2214 3163 2648 3248 Amphitheus
2694 3165 2807 3230 im-

479 3261 819 3327 mortalem
862 3282 931 3326 se
976 3270 1120 3328 esse·
1158 3262 1335 3328 dicit.

888 3361 926 3428 ὁ
970 3361 1104 3451 γαρ
1151 3361 1514 3453 Αμφὶθεος
1555 3363 1900 3450 Δήμητρος
1945 3352 2030 3446 ἦν

887 3466 1000 3529 καὶ
1049 3465 1542 3551 Τριπτολέμου·
1589 3468 1828 3533 τούτου
1866 3470 1936 3535 δὲ
1980 3467 2237 3545 Κελεὸς
2278 3466 2606 3555 γίγνεται·

889 3570 1102 3652 γαμεῖ
1141 3570 1212 3634 δὲ
1255 3568 1513 3645 Κελεὸς
1562 3568 1984 3654 Φαιναρέτην
2028 3568 2264 3650 τήθην
2306 3571 2472 3655 ἐμήν

885 3669 956 3746 ἐξ
1002 3662 1080 3748 ἧς
1123 3673 1422 3747 Λυκῖνος
1462 3669 1730 3755 ἐγένετ’·
1772 3671 1848 3735 ἐκ
1892 3667 2134 3740 τούτου
2173 3670 2233 3737 δ’
2281 3668 2521 3763 ἐγαλίθ)
2615 3653 2624 3672 ’

650 3770 1192 3838 Choricorum
1236 3771 1734 3857 Euripideorum
1777 3775 2024 3859 species
2070 3775 2427 3842 ostenditur
2468 3797 2587 3861 per
2628 3799 2815 3862 paro-

483 3872 659 3938 diam
705 3872 786 3938 ab
839 3874 1159 3958 Aeschylo
1201 3874 1365 3943 Ran.
1413 3876 1576 3940 1306
1620 3897 1762 3959 sqq.

782 4027 785 4030 .
882 3971 1247 4057 Ἀλκυόνες,
1291 3972 1370 4041 αϊ
1410 3973 1566 4062 παρ’
1609 3974 1874 4055 ἀενάοις
1918 3977 2286 4058 θαλάσσης

887 4075 1143 4162 κύμασι
1190 4076 1614 4163 στωμύλλετε

619 4251 702 4315 10)
740 4247 990 4304 Ceterum
1024 4247 1163 4303 conf.
1199 4248 1359 4302 etiam
1395 4249 1672 4303 exordium
1705 4248 1915 4305 Eccles.
1952 4250 2223 4322 Aristoph.

943 4332 1012 4385 Ὦ
1049 4334 1292 4403 λαμπρὸν
1323 4336 1476 4404 ὄμμα
1509 4338 1602 4389 τοῦ
1636 4334 1962 4403 τροχηλάτου
1998 4335 2186 4401 λύχνου

952 4418 1176 4474 κάλλιστ’
1210 4426 1267 4473 ἐν
1301 4409 1627 4526 είσκόποιων
1660 4426 2007 4493 ἐξηρτημένον

2749 4365 2828 4454 ezr*

951 4505 1153 4577 γονάς
1197 4528 1269 4561 τε
1315 4527 1440 4578 γαρ
1475 4509 1592 4569 σὰς
1638 4512 1747 4561 καὶ
1793 4508 2000 4577 τύχας
2050 4505 2471 4580 δηλώσομεν·
2834 4384 2888 4564 l

2341 4596 2410 4658 1.

2825 2446 2830 2451 ,
2926 2362 2972 2448 ἦ

2689 2434 2738 2570 s
2920 2371 3276 2664 Csdsc'f

3087 2574 3158 2774 l
3205 2634 3258 2801 j

2862 3035 3011 3307 ⁶7

2861 4327 2888 4378 N:
