3296 5369
1466 512 1882 600 412...

646 709 777 774 ,De
835 706 1424 791 Dithyrambis
1479 712 1690 773 autem
1750 708 1978 774 extant
2029 705 2203 792 apud
2257 712 2546 803 nostrum
2596 705 2845 793 judicia

511 812 719 876 etiam
764 809 1052 894 parodiis
1114 830 1420 894 expressa
1474 816 1550 874 ut
1608 811 1693 874 de
1748 809 2005 875 Cinesia
2054 810 2379 894 inprimis3
2461 832 2595 894 qua
2650 810 2719 874 10
2772 816 2842 874 re

513 913 858 978 dolendum
904 918 1005 977 est
1049 911 1223 996 quod
1265 932 1384 975 000
1426 912 1738 979 musicam
1779 911 1957 976 illius
1985 918 2192 976 artem
2226 931 2394 995 quae
2423 912 2844 978 cummaxime

511 1014 592 1078 ab
637 1015 1076 1098 Aristophane
1118 1014 1629 1098 vituperabatur,
1675 1013 1944 1079 auribus
1985 1000 2301 1120 subfficere
2343 1036 2684 1098 possumus
2727 1035 2844 1078 000

512 1116 714 1199 ipsius
771 1136 1039 1201 poeseos
1096 1115 1407 1180 habemus
1461 1116 1813 1198 specim-ina
1869 1115 2104 1199 quibus
2158 1115 2472 1195 adhibitis
2515 1117 2848 1181 videamus

510 1219 579 1285 in
626 1224 940 1300 quantum
1001 1225 1363 1287 accuratam
1409 1217 1837 1284 imitationem
1855 1268 1875 1302 ‚
1932 1219 2001 1282 111
2057 1225 2374 1301 quantum
2416 1218 2846 1302 exaggeratio-

510 1341 658 1386 nem
699 1319 1072 1386 habeamus

609 1446 615 1453 ³
681 1424 898 1504 Atque
957 1423 1218 1504 quidem
1268 1422 1556 1489 Cinesias
1616 1444 1694 1488 ea
1748 1423 2095 1507 praecipue
2147 1423 2215 1486 in
2258 1443 2329 1486 re
2373 1427 2647 1487 novator
2690 1423 2847 1487 exti-

512 1524 671 1589 tisse
727 1524 984 1588 videtur
1051 1526 1224 1606 quod
1282 1525 1457 1609 apud
1513 1545 1692 1608 01110,
1752 1526 2179 1613 1111300κο0101
2233 1525 2485 1589 ratione
2553 1525 2849 1590 antistro-

510 1624 724 1712 phica,
769 1627 917 1690 novi
963 1625 1488 1692 continuo'modi
1523 1630 1802 1693 ,musices
1848 1633 2276 1709 sequerentur
2334 1627 2500 1691 tales
2546 1626 2660 1710 qui
2704 1647 2849 1691 con-

512 1729 808 1792 venirent
853 1748 998 1791 cum
1043 1727 1304 1792 vocibus
1350 1729 1820 1812 sententiisque
1878 1729 2141 1794 tumidis
2186 1735 2253 1792 et
2296 1729 2658 1793 inordinate
2703 1749 2848 1810 pro-

512 1816 754 1894 volutis
811 1849 905 1895 ac-
939 1829 1238 1912 profusis.
1295 1829 1707 1913 (Aristoteles
1765 1829 2081 1896 Problem.
2130 1830 2310 1894 1915.
2367 1826 2689 1915 καθάπερ
2733 1818 2853 1895 οὖν

518 1931 635 1994 καὶ
699 1908 1008 2050 ῥήματα,
1103 1931 1249 1993 καὶ
1332 1932 1435 1995 τοὶ
1504 1932 1734 2014 μέλη1
1812 1929 2335 2010 η’κολούθειν
2401 1906 2567 2044 fies
2607 1927 2847 2016 ἕτερα

515 2030 932 2115 γινόμενα
1139 2033 1467 2117 Aristoph.
1514 2033 1722 2098 Nubb.
1767 2036 1892 2098 333
1966 2031 2689 2116 ,,α’σματοκάμπτας“).
2776 2033 2851 2098 10

512 2122 724 2200 Nubb.
771 2135 895 2200 335
957 2136 1159 2219 igitur
1216 2135 1619 2218 Strepsiades
1669 2136 1811 2219 jam
1876 2135 2251 2220 intellegere
2320 2157 2385 2199 se
2435 2135 2602 2217 ⁶dicit
2658 2157 2850 2219 quam

515 2238 886 2303 necessaria
932 2237 1295 2302 intercedat
1338 2237 1592 2302 nebulis
1636 2241 1806 2303 ratio
1835 2257 1977 2302 cum
2000 2235 2430 2302 nebulonibus
2452 2236 2579 2303 illis
2612 2237 2852 2321 quippe

513 2340 622 2420 qui
664 2339 816 2404 inde
858 2339 1173 2417 hauriant,
1217 2360 1336 2403 sua
1382 2339 1604 2422 qualia
1646 2339 1780 2405 sint
1823 2339 1949 2404 335
1979 2334 2074 2421 sq.
2117 2376 2204 2386 --
2247 2339 2630 2423 (specimina
2672 2338 2884 2404 hauds

520 2441 713 2506 dubie
758 2442 1039 2525 genuina
1081 2456 1346 2525 poeseos
1390 2440 1965 2526 Dithyramborum
2008 2440 2298 2526 illorum)
2346 2478 2425 2487 —

767 2521 876 2642 vi)
895 2545 1024 2627 ρᾶν
1067 2542 1404 2629 Νεφελᾶν·
1436 2540 1933 2626 στρεπταιγλᾶν
1975 2540 2175 2606 δάϊον
2218 2538 2436 2626 ὁρμάν

767 2640 1154 2726 πλοκάμους
1213 2641 1289 2707 θ’
1346 2642 1867 2729 ἑκατογκεφάλα
1928 2644 2165 2733 Τυφῶ,
2222 2640 2726 2730 πρημαινούσας
2778 2669 2848 2710 τε

852 2746 1325 2829 &vinacea-x.
1371 2770 1426 2812 τ.
1476 2746 1536 2809 λ.
1630 2813 1636 2826 ‚

458 2841 464 2847 ’
514 2871 634 2935 pro
689 2848 924 2934 quibus
971 2847 1203 2912 deinde
1244 2848 1644 2933 ingurgitent
1704 2830 1992 2934 κεστρᾶν
2047 2846 2298 2935 τεμάχη
2342 2850 2651 2933 μεγαλᾶν
2693 2849 2855 2932 a'yoe-

515 2952 697 3031 θᾶν,
759 2951 919 3035 κρέα
983 2946 1040 3014 τ’
1102 2947 1410 3034 ὀρνίθεια
1471 2952 1819 3038 κιχηλᾶν.“
1907 2952 1985 3016 In
2043 2950 2283 3016 Avibus
2340 2953 2409 3015 in
2468 2972 2690 3016 eorum
2743 2952 2859 3036 qui

514 3054 769 3137 plumas
828 3053 1153 3136 recepturi
1198 3050 1549 3117 adveniunt
1608 3074 1875 3118 numero
1934 3058 2033 3118 est
2091 3054 2280 3118 etiam
2329 3051 2649 3137 CinesiaS‚
2708 3074 2854 3118 cum

521 3157 743 3240 cupiat
801 3154 884 3219 ad
928 3153 1133 3220 nubes
1192 3175 1446 3219 sursum
1505 3156 1723 3220 volare
1781 3154 1951 3219 unde
2008 3154 2253 3237 pendat
2310 3175 2452 3219 cum
2498 3154 2703 3220 omnis
2749 3176 2854 3221 ars

519 3279 672 3341 sua,
717 3264 856 3323 tum
887 3258 1236 3339 praecipue
1277 3251 1630 3321 carminum
1666 3237 2446 3441 prooemiaffvap'oi-ai.)
2529 3256 2854 3324 Habemus
2917 3319 2932 3333 ‚

516 3359 946 3425 imitationem
981 3359 1156 3425 haud
1189 3356 1383 3424 dubie
1415 3358 1573 3423 satis
1602 3363 1971 3423 accuratam
2002 3379 2032 3422 s
2080 3360 2236 3423 eciei
2267 3379 2533 3443 poeseos
2568 3358 2856 3424 Cinesiae

519 3483 578 3525 v.
628 3461 790 3525 1392
836 3480 976 3543 sqq.
1000 3462 1078 3547 14)

1097 3556 1373 3626 ἅπαντα
1419 3559 1549 3646 γάρ
1592 3557 1790 3645 δίειμί
1833 3583 1946 3626 σοι
1984 3562 2106 3627 τὸν
2150 3556 2333 3645 diva.

1091 3662 1333 3728 εἴδωλα
1376 3665 1690 3727 πετεινῶν

1092 3759 1614 3849 αἰθεροδρόμων

1098 3864 1348 3932 οἰωνῶν
1392 3856 1869 3952 ταναοδείρων.

1094 3968 1215 4034 τόν
1258 3966 2033 4055 ἁλάδρομονάλάμενος

1092 4061 1209 4155 ἅμ’
1256 4070 1517 4155 ἀνέμων
1560 4081 1827 4136 πνοαῖσι
1868 4069 2073 4156 βαίην

660 4329 744 4392 14)
781 4325 957 4381 Schol.
999 4326 1083 4382 ad.
1123 4344 1175 4380 v.
1218 4329 1348 4381 1693
1392 4327 1606 4391 πλείστη
1654 4325 1755 4396 γὰρ
1802 4326 1980 4378 αὐτῶν
2026 4327 2053 4392 ἦ
2105 4330 2234 4388 λέξις
2279 4325 2517 4394 τοιαύτη,
2565 4328 2593 4380 ὁ
2643 4332 2697 4381 δὲ
2734 4332 2855 4388 νοῦς

520 4410 808 4480 ἐλάχιστος,
848 4412 914 4470 ὥς
951 4412 977 4477 ἦ
1017 4418 1272 4481 πιιροίμια
1311 4414 1448 4480 „acal
1483 4410 1836 4482 διθυράμβων
1872 4416 1993 4466 ιὀἰν
2028 4415 2151 4481 ἔχεις
2186 4413 2504 4471 ἕλιῖττοιά.“
2538 4415 2662 4471 add.
2703 4419 2849 4471 1395.

519 4500 631 4549 ἔνια
665 4499 731 4570 τῇ
769 4502 1014 4551 συνθέσει
1047 4494 1371 4565 ἄδιανόνητα
1404 4500 1705 4554 ποιοῦσιν.“
