3296 5369
1388 588 1812 654 ...23-

420 753 928 846 plaeitorum
1043 725 1821 842 philosophi-coium
1938 760 2156 844 apud
2281 758 2758 825 comoediae

420 855 894 939 scriptores
940 858 1370 941 parodiam
1415 862 1952 944 conjunctam
1981 862 2247 928 fuisse
2279 881 2509 927 neces
2531 861 2757 926 sario

420 958 770 1040 quodam
812 959 1139 1024 vinculo
1187 981 1359 1026 01110
1401 963 1731 1029 ratione
1775 964 2134 1030 notitiae
2179 965 2552 1048 ipsorum
2612 982 2761 1046 per

420 1080 461 1146 v
471 1059 550 1123 ul
567 1081 608 1142 g
625 1083 667 1124 u
686 1080 726 1123 s.
759 1080 792 1123 e
808 1066 956 1126 xta
970 1084 1014 1125 n
1027 1067 1056 1126 t
1071 1064 1136 1127 is
1154 1083 1170 1143 3
1243 1061 1658 1145 quamobrem
1704 1050 1832 1130 non
1877 1058 2031 1130 lieet
2056 1142 2061 1149 .
2085 1061 2278 1131 irasci
2330 1057 2587 1130 comicis
2642 1078 2761 1150 pro

420 1162 674 1229 ratione
701 1163 974 1227 notitiae
1007 1185 1223 1229 rerum
1253 1166 1868 1251 philosophicarum,
1900 1189 2016 1232 000
2046 1168 2269 1235 mirari
2313 1169 2588 1251 speeiem
2633 1181 2765 1250 qua

419 1260 809 1346 protulerint
869 1285 1036 1346 quae
1096 1266 1384 1333 ederunt.
1430 1306 1516 1315 —
1560 1270 1852 1353 Denique
1896 1291 2090 1353 quam
2134 1268 2563 1355 maximopere
2610 1277 2762 1354 peto

423 1385 464 1426 a
506 1363 819 1428 lectorum
885 1365 1334 1439 benevolentia
1401 1391 1481 1436 ne
1548 1393 1739 1454 aegre
1805 1371 2020 1437 ferant
2064 1372 2393 1437 tantillum
2438 1372 2763 1436 hominem

417 1474 680 1552 tangere
739 1489 907 1550 quae
967 1491 1006 1534 a
1060 1476 1155 1535 tot
1213 1473 1539 1555 tantisque
1595 1474 1749 1538 viris
1794 1480 2074 1539 tractata
2115 1474 2443 1559 aliquibus
2490 1497 2568 1539 ex
2612 1495 2759 1557 par-

389 1588 392 1593 ·
417 1562 586 1633 tibus
652 1568 736 1633 ad
799 1568 993 1636 finem
1036 1574 1373 1653 perductas
1407 1595 1545 1641 esse
1609 1576 1980 1651 videantur3
2072 1582 2309 1642 etenim
2380 1576 2558 1663 aliud
2638 1582 2758 1660 est,

416 1673 733 1754 integram
789 1672 1057 1741 reddere
1104 1674 1611 1762 disputationem
1627 1728 1646 1761 ,
1702 1679 1880 1746 aliud
1894 1726 1912 1760 ,
1972 1680 2352 1746 temerarias
2396 1678 2757 1744 inventiun-

420 1773 598 1840 eulas
676 1774 885 1856 quasi'
935 1796 1080 1842 eum
1140 1777 1202 1839 vi
1260 1777 1546 1862 undique
1604 1796 1829 1864 eogere
1888 1788 1953 1846 et
2011 1801 2374 1867 pannosam
2435 1779 2763 1864 quandam

421 1876 994 1963 versicoloremque
1008 1867 1023 1885 ⁴
1039 1884 1284 1948 vestem
1321 1887 1690 1950 00111οκ01·οι

1388 2126 1796 2137 ,--------

591 2289 803 2372 Atque
874 2292 1135 2375 quidem
1151 2294 1230 2378 35)
1302 2292 1604 2358 Cratinus
1674 2294 1741 2358 in
1820 2290 2230 2366 Πανόπταις
2292 2292 2657 2378 Hipponem
2684 2294 2763 2378 36)

422 2390 763 2474 physicum
801 2392 1008 2458 illusit
1049 2401 1319 2479 propter
1361 2414 1578 2459 rerum
1620 2395 2032 2477 physicarum
2074 2394 2251 2460 haud
2293 2394 2765 2461 dubie‘doetri-
2809 2416 2813 2423 ·

421 2516 590 2571 nam,
637 2494 812 2577 quod
856 2514 1001 2559 cum
1046 2519 1124 2561 ex
1166 2498 1309 2580 ipso
1355 2498 1612 2561 nomine
1669 2493 2398 2571 [lavontwuelueere
2431 2494 2763 2580 videatur,
2849 2500 2852 2503 ’

420 2596 636 2662 minus
680 2598 888 2680 liquet
945 2620 1044 2663 anv
1073 2605 1323 2662 certam·
1361 2605 1428 2662 et
1471 2599 1800 2675 definitam
1860 2601 2247 2665 sententiam
2308 2590 2621 2684 parodi'ae
2665 2619 2765 2662 ra-

424 2702 600 2768 tione
644 2701 940 2765 irriserit.
1034 2702 1289 2766 Etenim
1351 2703 1525 2784 quod
1571 2702 1744 2785 apud
1789 2700 1997 2767 Sehol.
2043 2699 2375 2785 Aristoph.
2421 2700 2631 2765 Nubb.
2679 2702 2761 2766 96

426 2801 698 2885 legimus
765 2804 975 2884 ipsum
1040 2804 1178 2887 jam
1235 2804 1602 2888 Hipponem
1666 2826 1704 2868 a
1764 2802 2028 2869 Cratino
2100 2809 2369 2888 propter
2427 2803 2494 2867 id
2554 2803 2769 2887 ipsum
2830 2803 2834 2808 ’
2882 2796 2892 2804 ’

425 2904 689 2994 irrisum
721 2905 939 2988 fuisse,
963 2897 1160 2988 ‘quod
1191 2907 1439 2990 eoelum
1472 2906 1709 2987 πνιγέα
1730 2908 1809 2992 3⁷)
1854 2906 2196 2988 vocaverit,
2227 2907 2443 2970 minus
2475 2905 2766 2970 lucidum
2802 2985 2808 2990 ¹

429 2990 527 3071 est
573 3021 768 3094 quarn
813 3008 1122 3092 cupimus.

589 3110 742 3177 Jam
783 3131 931 3175 vero
976 3111 1258 3176 breviter
1303 3111 1760 3194 disputandum
1805 3097 1905 3173 est
1949 3108 2027 3176 de
2073 3110 2315 3191 1111010,
2375 3125 2620 3191 nempe
2651 3130 2768 3192 per

424 3212 761 3295 pai-odiam
805 3213 1118 3278 traductis
1165 3212 1246 3277 ab
1277 3211 1713 3297 Aristophane
1757 3207 2096 3274 sententiis
2141 3212 2210 3276 in
2253 3209 2581 3293 Nubibus3
2639 3213 2770 3293 qua

425 3312 686 3398 quidem
730 3316 798 3378 10
841 3337 910 3380 10
957 3317 1068 3397 010,
1117 3316 1226 3396 qui
1274 3315 1713 3399 quaesiverint
1756 3334 1839 3376 an
1869 3318 2020 3397 post
2052 3333 2330 3377 summos
2362 3313 2533 3377 viros
2564 3311 2766 3377 Wolf-

421 3413 575 3480 fium
638 3417 1078 3481 Hermannum
1132 3416 1520 3500 Reissigium
1567 3414 1894 3498 Grotium,
1956 3419 2093 3478 tum
2148 3413 2469 3479 Koekium
2514 3413 2761 3479 Teuffe-

425 3517 743 3601 liumque,
820 3540 938 3603 ego
1010 3519 1400 3583 τυννουτοσὶ
1456 3518 1605 3582 novi
1667 3516 2027 3584 meliorisve
2085 3517 2332 3600 aliquid
2391 3516 2768 3599 prolaturus
2853 3575 2866 3588 ,

561 3795 648 3854 35)
683 3790 927 3844 Indicare
977 3790 1192 3859 quidem
1240 3795 1651 3841 consentaneum
1698 3795 1777 3841 est
1822 3787 1999 3841 locum
2044 3786 2196 3840 illum
2242 3785 2549 3855 Epicharmi
2585 3785 2770 3839 0010101

424 3875 564 3945 apud
611 3876 775 3945 Diog;
813 3877 991 3929 Laert.
1033 3876 1118 3928 111
1156 3880 1218 3929 12
1261 3874 1452 3945 quibus
1500 3874 1637 3927 adde
1686 3874 2102 3943 disputationem
2161 3873 2325 3941 Leop.
2368 3870 2651 3925 Schmidtii
2711 3872 2771 3925 in

344 3964 355 3970 ’
418 3960 612 4015 Annal.
656 3960 897 4030 Gotting.
942 3965 1071 4014 1865
1119 3958 1362 4029 particul.
1401 3962 1469 4012 24
1517 3967 1571 4012 et
1615 3959 1691 4013 ibi
1727 3976 1848 4029 pag.
1887 3962 1986 4012 942
2023 3976 2137 4029 sqq.
2216 3957 2411 4011 Censet
2461 3958 2542 4010 vir
2576 3956 2766 4011 doctus

422 4044 521 4099 iste
558 4045 938 4115 Epicharmum
972 4045 1324 4100 introduxisse
1360 4044 1603 4097 convivas
1638 4035 1800 4108 (11100,
1851 4061 2078 4114 quorum
2125 4042 2257 4096 alter
2295 4043 2575 4104 Eleaticis,
2636 4043 2771 4096 alter

418 4130 760 4184 Heracliticis
795 4132 1012 4184 favebat
1047 4130 1268 4201 placitis
1310 4130 1595 4192 Quantam
1617 4130 1887 4199 utriusque
1925 4129 2193 4182 doctrinae
2228 4128 2523 4181 irrisionem
2558 4128 2769 4182 institu-

419 4224 574 4269 turus
611 4216 772 4269 fuerit
809 4216 1179 4286 EpicharmuS‚
1213 4216 1407 4269 000010.
1446 4246 1517 4254 -

557 4304 643 4363 36)
683 4301 746 4356 ef.
788 4300 1014 4354 Brandis
1048 4300 1349 4355 Handb.1.
1394 4303 1509 4355 121.

558 4386 646 4450 37)
683 4386 847 4457 Apud
893 4403 1058 4438 unum
1101 4384 1318 4454 quidem
1365 4385 1653 4454 Origenem
1703 4384 1925 4448 (advers
1964 4383 2102 4439 Phil.
2147 4384 2230 4452 16)
2279 4382 2507 4436 traditur
2555 4381 2620 4435 de
2657 4381 2767 4451 pla·

424 4471 540 4526 citis
587 4489 722 4542 quae
761 4470 983 4524 fuissent
1017 4469 1282 4542 Hipponis
1318 4469 1384 4524 de
1432 4470 1616 4540 ignis
1667 4477 1940 4523 momento
1977 4469 2032 4521 10
2068 4467 2356 4522 formandis
2404 4468 2595 4536 rebus,
2649 4484 2769 4521 eum

421 4555 478 4608 in
514 4556 705 4622 ceteris
738 4553 974 4609 Thaletis
1009 4555 1078 4608 de
1114 4554 1295 4608 umido
1332 4554 1650 4613 sententiam
1684 4572 1835 4614 suam
1869 4555 2053 4617 fecisse
2090 4554 2309 4613 dicatur.
