3296 5369
304 1540 406 1705 N!

274 2205 422 2429 a(

218 2728 374 3023 w}

1626 896 1828 1060 54]

699 1143 843 1210 Non
903 1143 1097 1226 hujus
1179 1149 1279 1208 est
1342 1142 1804 1229 disputationis
1824 1194 1842 1226 ,
1907 1144 2217 1228 indagare
2280 1165 2445 1226 quae
2505 1153 2567 1211 et
2625 1151 2874 1228 quanta

536 1245 736 1310 fuerit
777 1248 950 1310 inter
977 1245 1224 1310 Atticos
1268 1245 1560 1311 homines
1604 1246 1841 1311 notitia
1882 1236 2347 1311 sententiarum
2384 1253 2450 1312 et
2493 1249 2874 1331 placitorum

542 1368 766 1412 eorum
811 1368 978 1431 quae
1023 1347 1324 1430 deinceps
1369 1370 1411 1413 a
1453 1348 1710 1413 Zenone
1766 1355 1832 1412 et
1873 1348 2263 1431 Anaxagora
2317 1371 2463 1415 sua
2501 1350 2884 1433 quidque·

532 1451 877 1516 ratione
936 1449 1116 1514 edita
1171 1454 1324 1514 sunt
1382 1450 1450 1513 in
1506 1447 1692 1524 urbe3
1763 1451 1939 1532 quod
1995 1451 2285 1535 quidem,
2343 1460 2487 1517 cum
2541 1453 2611 1516 in
2664 1468 2874 1519 meam

510 1575 675 1635 ‘rem
718 1551 1168 1635 gravissimum
1225 1552 1313 1616 sit
1358 1552 1546 1634 quasi
1589 1552 2084 1633 adminiculum,
2140 1574 2180 1616 a
2220 1553 2514 1638 nemine,
2555 1560 2872 1636 quantum

536 1652 838 1736 equidem
882 1654 1049 1737 scio,
1110 1652 1329 1721 dedita
1390 1674 1588 1737 opera
1641 1660 1993 1718 tractatum
2045 1660 2111 1718 et
2165 1622 2500 1721 ad‘TtTdem
2544 1654 2873 1739 quandam

531 1756 916 1838 perductum
963 1762 1080 1820 est.
1167 1755 1424 1821 Etenim
1470 1776 1614 1820 cum
1658 1755 1726 1819 in
1767 1757 1894 1838 eiS,
1953 1776 2134 1838 quaes
2164 1756 2376 1821 adhuc
2418 1758 2872 1842 proposuimus

527 1859 801 1943 planum
846 1858 968 1942 sit,
1029 1856 1326 1923 omnibus
1372 1857 1505 1922 fere
1549 1857 1790 1922 civibus
1834 1859 1995 1922 satis
2039 1864 2263 1923 notam
2308 1880 2421 1924 seu
2465 1860 2871 1923 notissimam

523 1958 728 2024 fuisse
786 1960 1115 2027 materiem
1183 1980 1379 2041 quam
1439 1959 1714 2024 diximus
1769 1959 1940 2024 unde
1993 1960 2297 2042 parodias
2343 1981 2494 2025 suas
2536 1958 2877 2026 hauserint

532 2061 918 2127 Comoedias
964 2062 1334 2145 scriptoreS‚
1381 2061 1816 2126 diversissima
1859 2066 1958 2125 est
2000 2082 2103 2125 res
2132 2060 2201 2126 in
2230 2062 2354 2126 hac
2384 2063 2612 2127 ultima
2644 2062 2871 2147 capitis

531 2164 800 2231 alterius
830 2164 1007 2246 parti
1048 2164 1174 2228 ula.
1233 2163 1566 2228 Nonnulla
1582 2163 1654 2243 32)
1691 2162 1949 2246 quidem
1984 2164 2238 2247 scriptis
2269 2165 2582 2246 mandata
2611 2171 2871 2248 praesto

531 2271 740 2351 erant,
790 2274 867 2330 ut
908 2182 1333 2379 Anzxagorae
1378 2265 1458 2328 de
1500 2286 1712 2330 rerum
1757 2270 1996 2329 natura
2037 2264 2203 2330 liber
2219 2268 2325 2348 ³³);
2401 2266 2566 2350 alia,
2619 2288 2740 2351 pro
2784 2288 2873 2331 ra-

533 2371 712 2433 tione
774 2382 920 2451 qua‘
952 2390 993 2432 a
1034 2367 1509 2451 professoribus
1569 2368 1701 2432 illis
1758 2365 1891 2452 (cui
1935 2387 1975 2430 a
2017 2364 2290 2432 Platone
2349 2367 2605 2432 demum
2658 2367 2872 2452 sophi-

533 2478 775 2537 starum
834 2490 1069 2541 momen
1138 2474 1215 2533 ut
1279 2466 1617 2551 proprium
1675 2478 1739 2532 et
1795 2469 2117 2551 peculiare
2189 2468 2617 2549 tribuebatur)
2689 2469 2870 2533 doce-

532 2572 774 2638 bantur
817 2594 930 2638 seu
989 2573 1056 2635 in
1116 2572 1515 2653 singulorum
1574 2571 1865 2636 domibus
1911 2593 2024 2636 seu
2069 2574 2137 2636 in
2181 2572 2532 2656 gymnasiis
2551 2573 2662 2658 34);
2707 2593 2872 2655 quae

535 2676 796 2760 quidem
842 2681 1135 2740 accurate
1181 2671 1647 2756 distinguamus
1676 2679 1937 2758 oportet
1964 2674 2046 2739 ab
2079 2674 2171 2740 eis
2201 2695 2370 2758 quae
2415 2664 2608 2758 vulgo
2650 2675 2720 2739 in
2753 2673 2871 2752 viis

535 2777 824 2860 forisque
900 2775 1280 2865 ferebantur
1349 2781 1416 2839 et
1485 2776 1554 2839 in
1624 2782 1896 2841 consuet
1941 2775 2090 2840 dine
2164 2775 2617 2858 volvebantur-⁴3
2706 2797 2871 2868 quae

532 2885 935 2963 quantopere
994 2880 1245 2943 soleant
1301 2874 1648 2941 abhorrere
1695 2897 1735 2941 a
1778 2898 1884 2942 cer
1916 2898 1957 2942 a
2015 2884 2084 2942 et
2125 2879 2345 2943 nativa
2405 2879 2870 2944 sententiarum

530 2980 1066 3066 philosophorum
1113 2980 1345 3064 specie,
1391 2999 1519 3044 non
1567 2984 1665 3043 est
1709 2979 1868 3063 quid
1911 3000 2222 3045 moneam.
2311 2980 2552 3045 Eadem
2586 2987 2872 3045 ceterum

532 3086 676 3166 ipsa
715 3082 897 3149 haud
941 3082 1133 3172 dubie
1179 3088 1332 3147 sunt
1377 3101 1545 3164 quae
1578 3081 1814 3146 dixeris
1849 3080 2096 3148 fontem
2137 3083 2515 3164 primarium
2546 3081 2745 3148 fuisse
2772 3082 2874 3146 vel

525 3186 692 3250 viam
737 3185 1198 3270 principalem,
1261 3203 1390 3266 qua
1424 3182 1803 3266 plerumque
1850 3183 1933 3247 ad
1981 3183 2317 3249 hominum
2374 3184 2444 3248 in
2502 3172 2871 3250 universum

531 3288 963 3372 cognitionem
1005 3286 1297 3351 venerint
1352 3305 1517 3367 quae
1560 3290 1905 3360 venerunt3
1966 3306 2133 3367 quae
2193 3286 2451 3368 quidem
2509 3308 2656 3352 cum
2698 3286 2873 3351 haud

528 3390 723 3455 dubie
755 3395 972 3454 essent
997 3389 1162 3453 talia
1191 3407 1359 3471 quae
1388 3386 1813 3452 insolentiora
1851 3385 2028 3469 plebi
2058 3387 2482 3472 apparebant,
2525 3397 2661 3455 tum
2689 3408 2871 3473 prae·

524 3492 743 3557 buisse
787 3490 1128 3555 materiam
1171 3489 1592 3572 principalem
1636 3496 1697 3553 et
1740 3489 1874 3554 fere
1909 3491 2164 3553 unicam
2196 3510 2358 3572 eam,
2405 3510 2600 3572 quam
2626 3511 2870 3556 comoe-

531 3593 680 3659 diae
725 3594 1076 3675 scriptores
1131 3593 1200 3657 in
1243 3612 1433 3656 usum
1477 3612 1662 3655 suum
1707 3597 2112 3674 convertere,
2175 3592 2314 3657 dic'o
2371 3610 2487 3673 per
2513 3592 2870 3684 ›parodiam

527 3695 965 3780 perstringere
1025 3701 1103 3760 et
1157 3698 1565 3779 poterant
1620 3697 1703 3756 et
1759 3691 2174 3758 volebant.
2261 3693 2636 3760 Tenendum
2676 3695 2875 3779 igitur

688 3973 774 4036 32)
811 3969 935 4024 Alia
968 3967 1182 4039 quidem
1218 3961 1471 4037 peculiari
1506 3963 1709 4019 ratione
1741 3963 1797 4017 in
1830 3962 2023 4017 fabulis
2048 3962 2367 4035 Euripideis.

681 4057 771 4119 33)
810 4053 986 4113 Quem
1023 4052 1239 4124 quidem
1273 4067 1432 4122 quam
1479 4050 1630 4121 pauci
1681 4049 1912 4104 Socratis
1957 4049 2171 4120 qnidem
2221 4051 2546 4121 temporibus
2590 4051 2884 4106 evoluerint

531 4136 849 4209 intellegere
884 4135 1011 4193 licet
1046 4156 1112 4192 ex
1147 4136 1390 4191 Platonis
1426 4134 1691 4206 Apologia
1726 4134 1975 4189 Socratis.

683 4229 770 4291 34)
806 4222 1143 4279 Documento
1177 4228 1331 4288 sunt,
1380 4229 1440 4274 ut
1475 4219 1578 4274 alia
1621 4220 1863 4274 omittam
1899 4219 2245 4290 complurium
2280 4220 2517 4277 Platonis
2550 4221 2883 4291 dialogorum

530 4308 635 4369 loci
670 4309 1097 4382 disputationum
1133 4338 1194 4348 —
1237 4306 1429 4378 quibus
1464 4306 1601 4364 adde
1634 4321 1769 4361 vers.
1808 4304 2083 4376 Aristoph.
2124 4307 2320 4377 Vespp.

652 4418 659 4426 ·
1238 4397 1339 4448 526
1368 4389 1457 4444 νῦν
1494 4394 1549 4444 δε
1585 4391 1678 4445 τὸν
1715 4397 1767 4444 ἐκ
1806 4389 2108 4461 θήμετέρου

1342 4484 1634 4548 γυμνασίου
1671 4480 1898 4544 λέγειν
1932 4496 1998 4528 τι
2034 4478 2134 4529 δεῖ

1340 4585 1368 4616 κ
1381 4584 1414 4616 α
1430 4585 1450 4615 ι
1465 4584 1493 4614 ν
1507 4560 1535 4617 o'
1550 4584 1594 4619 ν.

2941 5309 3114 5332 4»
3155 5247 3263 5330 Α
