3296 5369
396 755 697 820 banturs
767 752 959 819 Multi
1003 753 1204 823 etiam
1245 751 1348 817 his
1393 752 1995 835 temporibusfnota
2039 750 2288 818 habent
2323 752 2520 817 verba
2547 770 2760 828 voces·

422 857 789 940 quentilla
817 854 1338 920 Darvinistarum
1371 854 1784 939 „natiirliche
1800 853 2243 937 Zuchtwahl“,
2288 854 2574 939 „Kampf
2615 876 2759 940 ums

420 957 726 1040 Dasein“,
770 957 868 1022 vel
912 957 1321 1040 quorundam
1349 956 1587 1041 „Kraft
1610 957 1744 1022 und
1777 956 1994 1041 St0ff“,
2027 957 2192 1022 alius
2213 958 2372 1042 „der
2400 957 2592 1022 Wille
2616 979 2761 1022 zum

424 1054 618 1126 Sein‘·‘
661 1081 827 1143 quae
871 1060 977 1125 ita.
1010 1056 1547 1125 circumferuntur
1589 1065 1663 1122 ut
1706 1059 2002 1125 omnibus
2043 1059 2178 1123 fere
2225 1054 2376 1124 nota
2418 1060 2567 1144 sint,
2614 1080 2759 1123 cum
2795 1113 2800 1119 .

423 1156 683 1229 minime
724 1183 875 1229 vero
918 1181 1137 1225 omnes
1184 1162 1251 1224 in
1295 1160 1592 1224 manibus
1636 1161 1987 1226 habuerint
2028 1161 2264 1242 libros,
2312 1161 2483 1251 unde
2528 1161 2762 1241 hausta

423 1268 592 1357 sunt.
680 1260 941 1327 Accedit
983 1261 1158 1345 quod
1199 1262 1376 1345 apud
1408 1262 1651 1327 Atticos
1697 1262 1997 1328 homines*
2034 1256 2283 1327 veteres
2315 1263 2517 1329 victus
2553 1264 2758 1328 multo

424 1365 624 1447 magis
692 1364 747 1428 is
803 1371 945 1428 erat
1002 1384 1192 1447 quem
1249 1363 1578 1451 publicum
1639 1364 1877 1429 dixeris
1938 1370 2003 1428 et
2063 1362 2462 1429 consuetudo
2522 1365 2759 1431 civium

430 1467 885 1549 multomagis
930 1467 1295 1531 necessaria
1336 1466 1624 1531 invicem.
1711 1467 1920 1549 Atque
1965 1465 2227 1549 quidem
2269 1465 2478 1535 Nubb.
2525 1467 2608 1532 95

829 1604 914 1617 ---
953 1565 1264 1651 ,“,οἰ’νδρες,
1312 1570 1375 1632 οἱ
1421 1569 1539 1632 τὸν
1584 1566 1870 1652 οὐρανὸν

834 1670 1137 1752 λέγοντες
1182 1668 1683 1735 ἀναπείθουσιν
1726 1665 1807 1743 ὥς
1851 1669 1994 1734 ἐστὶ
2039 1667 2311 1753 πνίγεύς

834 1770 1073 1836 κᾶστιν
1116 1773 1268 1855 περὶ
1312 1768 1487 1853 ἡμᾶς
1533 1763 1749 1851 οὗτος,
1798 1766 1978 1863 ἡμεῖς
2013 1770 2082 1859 ,δ’
2126 1771 2546 1858 ἅνθ·ρακξς“,

424 1873 726 1959 physicae
784 1872 1059 1958 parodia
1111 1880 1210 1940 est
1269 1876 1628 1940 sententiae
1673 1896 1867 1957 quam
1909 1882 2129 1940 utrum
2174 1875 2262 1942 ad
2307 1876 2762 1959 Anaxagoram

425 1997 508 2040 an
568 1975 651 2040 ad
706 1974 1062 2067 Diogenem
1116 1975 1601 2061 Apolloniatam
1660 1984 1731 2042 ut
1782 1978 2027 2043 fontem
2085 1976 2469 2061 originalem
2521 1978 2761 2059 relega·

423 2077 619 2161 veris,
679 2077 772 2140 nil
815 2076 913 2140 ad
972 2075 1140 2139 hanc
1194 2098 1327 2141 rem
1349 2081 1449 2162 39).
1538 2080 1637 2144 Ad
1680 2080 2132 2163 Anaxagoram
2185 2079 2542 2164 pertinent
2578 2078 2759 2143 haud

423 2177 644 2243 dubie
663 2198 828 2260 quae
875 2177 953 2240 de
1017 2197 1166 2243 aere
1210 2179 1632 2261 proferuntur
1678 2181 1832 2264 (264
1874 2188 2037 2264 sqq.)
2089 2202 2167 2245 ex
2211 2179 2541 2263 Euripidis
2586 2179 2762 2244 haud

422 2279 614 2344 dubie
657 2278 894 2343 fabulis
938 2280 1214 2362 cognita,
1247 2299 1363 2353 nec
1392 2303 1522 2346 non
1554 2281 1670 2346 illa
1710 2281 1788 2345 de
1834 2281 2398 2347 circumvolutione
2446 2282 2650 2368 (δίνῃ)
2698 2288 2763 2345 et

423 2381 500 2471 de
543 2381 958 2465 generatione
1002 2380 1323 2463 imbrium,
1369 2383 1526 2469 item
1570 2383 1647 2449 de
1691 2386 1942 2451 tonitru
1986 2405 2066 2447 ac
2105 2383 2394 2467 fulgure,
2441 2383 2600 2467 (ubi
2626 2384 2765 2474 qui7

423 2487 563 2552 d'em
609 2502 838 2569 parum
883 2489 1097 2547 tutum
1150 2484 1308 2549 mihi
1353 2485 1615 2566 quidem
1658 2484 1913 2550 videtur
1941 2492 2242 2551 accurate
2275 2491 2557 2550 statuere
2583 2483 2764 2568 velle,

424 2595 740 2670 quantum
783 2587 913 2650 illa‘
938 2604 1055 2668 per
1085 2586 1312 2650 urbem
1345 2586 1768 2654 disseminata
1800 2578 2064 2666 fuerint)
2105 2588 2303 2652 etiam
2320 2587 2598 2670 Hippiae
2623 2586 2763 2652 Elei

426 2713 502 2755 ex
518 2689 859 2773 disciplina
875 2688 1043 2753 forte
1056 2696 1224 2754 nota.
1267 2689 1444 2766 Quae
1461 2691 1538 2755 de
1565 2689 1754 2755 rebus
1770 2692 2050 2755 metricis
2075 2690 2355 2755 breviter
2379 2696 2763 2773 tanguntur,

426 2784 589 2874 quae
612 2784 697 2858 ‘de
727 2792 1058 2860 nominum
1093 2811 1348 2877 genere,
1367 2808 1483 2856 nec
1514 2785 1643 2875 non
1674 2813 1836 2874 quae
1867 2792 1946 2856 de
1976 2794 2231 2878 ratione
2264 2787 2515 2870 ἥττονα
2563 2789 2763 2877 λόγον

427 2890 732 2980 κρείττω
716 2916 864 2957 ποι
870 2902 935 2956 'iv
950 2889 1489 2983 proferuntur‚ad
1504 2892 1956 2977 Protagoream
1987 2893 2397 2976 disciplinam
2428 2891 2755 2977 pertinere

410 2994 740 3090 videntur.
785 3032 871 3041 -
911 2993 1009 3059 De
1036 2995 1214 3059 hisce
1241 3016 1390 3061 vero
1423 2995 1690 3079 singulis
1727 2995 1887 3077 satis
1912 2994 2364 3084 disputatum
2350 3001 2449 3060 est
2480 2995 2560 3059 ab
2593 2994 2761 3077 aliis,

417 3116 538 3160 nec
558 3087 689 3161 non
719 3097 994 3162 multum
1021 3097 1274 3178 quidem
1306 3096 1384 3161 de
1411 3100 1662 3178 ratione
1685 3118 1850 3180 quae
1868 3098 2229 3163 intercedat
2258 3099 2464 3164 inter
2484 3085 2670 3161 Plat
2687 3117 2724 3160 o
2742 3133 2765 3142 -

421 3219 465 3261 n
481 3199 504 3262 i
520 3220 554 3261 c
569 3220 611 3261 a
653 3199 971 3281 quaedam
1014 3201 1251 3281 placita
1279 3206 1346 3263 et
1379 3200 1835 3284 Aristophanis
1868 3198 1921 3262 E
1934 3221 1968 3263 c
1980 3199 2050 3263 cl
2068 3220 2101 3263 e
2118 3222 2146 3263 s
2164 3201 2235 3262 ia
2251 3220 2283 3261 z
2301 3222 2344 3272 u
2360 3222 2389 3264 s
2406 3220 2446 3263 a
2461 3222 2511 3282 S,
2557 3199 2657 3263 vel
2676 3199 2757 3284 4⁰)
2823 3261 2827 3265 .
2877 3217 2882 3228 ·

556 3439 642 3500 39)
679 3435 896 3492 Etenim
944 3436 1200 3491 absonum
1245 3437 1373 3491 mihi
1421 3438 1630 3492 videtur
1674 3445 1857 3509 putare
1892 3438 2302 3507 Aristophanem
2348 3434 2634 3505 diligenter
2679 3435 2761 3488 in-

358 3561 363 3566 .
421 3521 652 3602 spexisse
695 3521 858 3575 libros
905 3522 992 3588 (cf.
1033 3538 1153 3592 pag.
1194 3526 1281 3586 24)
1342 3530 1396 3576 et
1443 3510 1685 3578 accurate
1730 3523 2058 3596 inquisivisse
2106 3522 2173 3575 de
2209 3514 2511 3575 diversitate
2547 3529 2757 3574 senten-

356 3613 359 3616 “
418 3606 614 3659 tiarum
649 3613 703 3660 et
737 3606 886 3677 quasi
921 3606 1273 3660 eruditionem
1306 3625 1457 3661 suam
1491 3609 1822 3679 proposuisse
1857 3612 1913 3661 in
1947 3607 2212 3672 Nubibus,
2261 3624 2382 3661 cum
2418 3623 2601 3660 omnes
2636 3605 2756 3659 illos

420 3700 703 3760 nugatores
751 3683 1015 3748 habuerit.
1052 3723 1122 3731 —
1157 3692 1318 3751 Quod
1364 3692 1605 3746 Kockius
1652 3694 1754 3748 Ed.
1791 3693 1849 3746 II
1884 3693 2063 3746 Nubb.
2108 3692 2177 3746 ad
2212 3709 2286 3747 vs.
2328 3695 2430 3745 380
2475 3687 2605 3745 dicit
2652 3709 2758 3744 non
2791 3715 2798 3720 ’
2841 3745 2844 3752 ,

423 3776 763 3845 cogitandum
798 3776 874 3829 ibi
908 3777 975 3830 de
1012 3778 1070 3829 δι’
1045 3797 1125 3848 avg]
1162 3778 1529 3848 Anaxagorea,
1569 3778 1741 3832 minus
1777 3787 1919 3832 recte
1958 3778 2117 3842 dicit;
2173 3778 2238 3832 cf
2279 3777 2525 3871 Brandis,
2566 3776 2757 3829 Hand-

348 3882 356 3890 ·
423 3861 564 3914 buch
599 3861 627 3914 I
661 3866 762 3918 259
796 3880 912 3934 sqq.

556 3951 645 4012 40)
680 3937 819 4002 Aliis
864 3949 1081 4021 quidem
1128 3948 1275 4002 nulla
1306 3950 1518 4003 videtur
1565 3949 1890 4003 intercedere
1937 3949 2100 4013 rati03
2166 3947 2282 4001 aliis
2318 3964 2442 4001 vero
2459 3987 2473 4013 ,
2531 3955 2591 4001 ut
2625 3945 2758 3999 Mei-

421 4031 580 4085 nekio
638 4033 714 4086 ita
764 4033 923 4103 plana
958 4034 1166 4088 videtur
1214 4052 1298 4087 res
1349 4051 1492 4100 esse,
1556 4044 1618 4088 ut
1668 4052 1742 4088 ea·
1776 4042 1955 4089 utatur
2002 4051 2096 4104 pro
2146 4041 2459 4101 argumento
2506 4032 2562 4084 in
2611 4029 2758 4084 aliud

420 4117 707 4188 quidquam
755 4119 1221 4190 comprobandum.
1298 4121 1462 4185 (Hist.
1502 4120 1617 4174 crit.
1658 4138 1793 4174 com.
1833 4138 1886 4190 p.
1926 4120 2065 4189 288).
2142 4118 2395 4172 Similiter
2453 4117 2660 4188 judicat
2704 4117 2760 4169 in

419 4205 803 4273 praetereundo
850 4205 989 4259 Zorn
1027 4207 1245 4270 „Ueber
1280 4205 1375 4259 das
1407 4193 1732 4260 Verbaltniss
1767 4205 1861 4257 des
1883 4204 2267 4275 Aristophanes
2303 4203 2413 4256 und
2449 4202 2759 4268 Socrates“,

346 4313 349 4314 ⁷
419 4290 686 4360 Bayreuth
728 4294 857 4345 1845
894 4308 946 4361 p.
982 4295 1062 4345 10.
1104 4320 1166 4331 —-
1200 4290 1508 4346 Arctissime
1543 4310 1669 4344 vero
1707 4290 1955 4345 cohaeret
1990 4289 2199 4358 integra
2233 4288 2474 4358 quaestio
2513 4305 2634 4341 cum
2668 4285 2761 4340 illa

388 4375 486 4436 ,de
533 4376 891 4447 Reipublicae
921 4376 1157 4432 Platonis
1198 4376 1525 4446 temporibus
1574 4384 1630 4431 et
1674 4384 1954 4429 structura.
2029 4375 2207 4444 Atque
2261 4374 2370 4443 ipse
2421 4372 2479 4425 O.
2521 4372 2583 4428 F.
2624 4371 2762 4424 Her·
2823 4395 2830 4398 ,

358 4482 366 4489 ·
422 4477 647 4514 mannus
682 4466 754 4534 (p.
777 4466 898 4538 539)
937 4462 1180 4516 concedit
1215 4462 1444 4533 speciem
1477 4461 1825 4533 Reipublicae
1862 4460 2033 4531 qualis
2068 4459 2221 4512 nobis
2258 4457 2452 4512 tradita
2486 4457 2570 4521 sit,
2611 4453 2760 4509 lucu-

419 4544 709 4623 lentissima
753 4549 1009 4621 praebere
1057 4548 1278 4620 vestigia
1311 4565 1550 4622 ‚quorum
1595 4564 1760 4628 opera
1807 4543 2065 4599 efficiatur
2100 4561 2231 4617 opus
2269 4544 2566 4598 confectum
2602 4542 2762 4616 fuisse

2286 4628 2357 4686 2*
