3296 5369
1434 712 1511 724 ...
1597 673 1640 740 5
1723 713 1807 724 ..-

954 831 1101 908 εἶθ’
1142 838 1324 922 ἥλιος
1364 848 1485 928 μὲν
1516 843 1843 911 ,πείθεται
1889 833 2031 968 “fg
2076 843 2370 923 παιδίοις

945 940 1101 1012 ὅταν
1143 947 1425 1028 λέγωσιν
1471 944 1685 1033 ,,ἕξεχ’
1727 939 1777 1012 ὦ
1816 949 1936 1035 φιλ
2002 939 2213 1026 ἥλιε.“
2262 987 2341 998 --

456 1050 916 1116 Ceterum·non
949 1049 1294 1115 admodum
1329 1051 1678 1115 dolendum
1712 1052 2073 1143 putolquod
2094 1052 2478 1117 comicorum
2508 1049 2784 1115 istorum

453 1154 774 1217 minorum
820 1153 1107 1236 gentium
1160 1153 1409 1236 jndicia
1452 1154 1764 1237 pleraque
1823 1172 1953 1219 non
2001 1160 2256 1219 servata
2313 1155 2469 1227 sint:
2544 1151 2785 1216 etenim

450 1255 546 1320 illi
563 1257 615 1342 4)
662 1261 737 1319 ut
779 1275 909 1319 non
939 1247 1054 1320 ,ex'
1082 1255 1214 1318 suis
1246 1255 1533 1338 ipsorum
1576 1255 1848 1338 ingeniis
1892 1256 2190 1321 hausisse
2232 1256 2492 1320 omnino
2536 1253 2789 1319 videtur

454 1356 794 1421 consilium
852 1361 927 1420 et.
973 1358 1295 1425 rationem
1352 1357 1624 1421 vocandi
1680 1358 1748 1422 in
1792 1379 2128 1423 censuram
2170 1358 2552 1442 Euripidem
2595 1356 2785 1420 alios-

456 1479 580 1540 que
638 1465 900 1543 poetas,
964 1460 1058 1522 ita
1118 1458 1499 1541 plerumque
1558 1466 1797 1524 temere
1821 1480 1955 1523 ,nec
1997 1460 2186 1526 certis
2231 1461 2309 1525 de
2354 1460 2608 1525 scenica
2650 1464 2786 1523 arte

454 1561 867 1642 opinionibus
909 1561 1115 1624 innixi
1160 1561 1424 1644 parvis
1466 1560 1659 1627 rebus
1696 1564 1943 1626 animos
1990 1563 2346 1627 attendisse
2381 1561 2684 1626 videntur
2713 1566 2788 1624 ut

451 1662 641 1727 Plato
671 1634 1433 1728 notaffibundantiam
1464 1664 1802 1746 sigmatum
1832 1665 2004 1746 apud
2028 1664 2402 1748 Euripidem
2429 1660 2715 1746 (Ὲόρται
2729 1664 2785 1742 Ι)

451 1801 537 1812 --
563 1742 1039 1848 ΑΓὶεῖοΡΙΕῗθε
1070 1785 1218 1829 vero
1250 1770 1316 1827 et
1350 1785 1428 1828 ex
1467 1766 1669 1830 animi
1712 1767 2033 1833 sententia
2056 1787 2189 1832 rem
2232 1768 2439 1850 egisse
2484 1771 2551 1829 et
2595 1767 2789 1831 certis

457 1879 609 1932 usus
669 1887 806 1931 esse
863 1866 1237 1931 notionibus
1294 1866 1543 1931 videtur
1598 1867 1667 1931 in
1712 1867 1801 1931 eis
1846 1890 2012 1951 quae
2054 1869 2123 1932 in
2158 1867 2477 1952 judicium
2520 1868 2788 1932 vocavit.

625 2121 838 2205 Atque
897 2121 1159 2204 quidem
1201 2122 1672 2205 Aristophanes
1693 2125 1743 2208 ⁵)
1803 2123 1977 2205 quod
2035 2123 2411 2205 primarium
2456 2123 2641 2206 sequi
2686 2122 2790 2187 de-

453 2223 641 2289 beret
684 2224 888 2289 omnis
934 2229 1131 2308 poeta
1173 2223 1241 2287 id
1287 2245 1425 2288 esse
1468 2224 1745 2308 putavit,
1803 2232 1880 2289 ut
1922 2226 2218 2289 meliores
2260 2223 2492 2289 fierent
2534 2222 2788 2307 probio-

454 2346 687 2409 resque
731 2326 900 2390 cives
960 2325 1141 2390 urbis
1191 2326 1377 2405 (Ran.
1427 2326 1607 2413 1008*
1634 2332 1819 2411 sqq).
1910 2326 2087 2404 Quae
2148 2325 2407 2410 quidem
2465 2326 2790 2391 sententia

364 2438 375 2445 “
455 2429 592 2512 ejus
636 2435 773 2494 tam
817 2430 950 2495 late
995 2433 1191 2512 patet,
1237 2433 1312 2492 ut
1357 2417 1576 2493 omnia
1620 2449 1823 2512 paene
1861 2430 2119 2512 singula
2146 2450 2313 2512 quae
2334 2426 2792 2511 hicdafferenda

452 2537 639 2614 sunt,
714 2530 800 2595 ad
857 2532 1067 2614 ipsam
1125 2530 1579 2595 rettulerimus.
1669 2531 2053 2595 Gravissime
2109 2530 2314 2614 igitur
2372 2527 2793 2611 reprehendit

451 2632 626 2698 locos
673 2634 1020 2717 praecipue
1064 2653 1194 2717 eOS‚
1242 2634 1354 2716 qui
1402 2632 1590 2715 quasi
1633 2631 1909 2699 breviter
1953 2639 2021 2698 et
2064 2633 2315 2698 concise
2359 2652 2611 2697 morum
2657 2651 2791 2695 cor·

452 2741 788 2817 ruptorem
834 2737 1250 2801 ostenderent
1295 2755 1433 2798 esse
1480 2733 1636 2800 Euri
1686 2737 1881 2819 idem,
1926 2743 2002 2801 ut
2045 2735 2210 2801 illud
2233 2733 2567 2819 Hippolyti
2619 2734 2786 2812 (612)

455 2833 1003 2921 πολυθρυλητὸν,
1061 2834 1145 2923 ,,ή
1210 2833 1447 2920 γλ”ῶσσ’
1509 2760 1791 2956 όμῇιοχ3
1839 2834 1880 2918 ἡ
1934 2838 2002 2901 δὲ
2047 2836 2230 2923 φρήν
2274 2833 2624 2920 οἷνιίμοτος·
2670 2836 2793 2901 ...“

454 2938 890 3004 Mnesilochus
951 2941 1146 3023 igitur
1210 2946 1430 3004 tenere
1482 2939 1672 3023 jubet
1731 2940 2105 3023 Euripidem
2159 2940 2365 3022 ipsius
2411 2940 2794 3005 sententiam

455 3038 710 3105 Thesm.

537 3143 662 3207 275
704 3141 1008 3225 μέμνησο
1061 3144 1280 3208 τοίνυν
1327 3103 1661 3329 ’τοῦτ’ίτι
1712 3141 1747 3220 ἡ
1793 3143 1970 3228 φρήν
2013 3069 2275 3254 lucaei!

707 3241 749 3322 ἡ
793 3245 1061 3328 γλῶσσα
1107 3242 1168 3311 δ’
1215 3242 1336 3322 οὐκ
1384 3243 1521 3329 ὀμώ
1580 3233 1679 3309 on'
1724 3239 1863 3310 οὐδ’
1908 3240 2159 3327 ὤρκωσ’
2202 3243 2343 3327 ἐγώ.

454 3347 754 3412 Brevium
813 3369 1035 3413 earum
1098 3348 1569 3413 sententiarum
1629 3346 1857 3430 quibus
1918 3346 2194 3411 maxime
2254 3346 2535 3412 offensus
2594 3345 2795 3412 fuisse

453 3449 712 3514 videtur
754 3448 886 3531 Ar,
933 3457 1074 3515 erat
1118 3449 1236 3516 illa
1280 3469 1359 3514 ex
1408 3449 1587 3514 Aeoli
1631 3448 1854 3513 fabula
1899 3447 2000 3533 (fr.
2035 3449 2117 3511 29
2163 3447 2435 3535 Nauck.)
2483 3471 2615 3532 qua
2659 3456 2793 3513 ute-

588 3706 644 3767 4)
680 3703 804 3756 Non
851 3704 1063 3758 Cleonis
1112 3705 1271 3758 modo
1318 3704 1612 3758 irrisionem
1650 3702 2080 3774 Hyperbolique‚
2139 3704 2208 3755 ad
2258 3702 2496 3756 taedium
2541 3704 2795 3774 repetisse

455 3788 719 3854 videntur,
757 3790 853 3843 sed
888 3790 1048 3844 etiam
1085 3790 1359 3861 Euripidis
1394 3796 1758 3860 postquam
1792 3790 1901 3842 Ar.
1939 3774 2230 3841 A'chern.
2268 3805 2421 3841 suos
2455 3789 2798 3845 docuit.—

896 3876 1018 3929 Pac.
1062 3876 1178 3930 739.
2035 3876 2358 3925 κατέπαυσεν

1485 3961 1558 4020 εἰς
1594 3958 1659 4011 τὰ
1697 3959 1850 4029 ράκια
1888 3959 2219 4018 σκώπτοντας
2252 3958 2351 4016 ἀεί.

595 4048 649 4104 5)
686 4045 754 4098 Ε.
792 4044 1023 4099 Mueller
1073 4046 1302 4100 Theorie
1349 4046 1445 4100 der
1489 4046 1669 4100 Kunst
1712 4045 1799 4099 bei
1844 4029 1950 4099 den
1996 4045 2162 4099 Alten
2202 4063 2254 4116 p.
2293 4050 2410 4103 205.
2485 4045 2799 4117 Bernhardy

456 4128 584 4182 Litt.
625 4130 720 4185 Gr.
756 4129 830 4183 11.
874 4135 922 4194 2.
959 4135 1058 4187 395
1093 4148 1172 4202 sq.
1211 4135 1343 4195 400,
1382 4125 1529 4195 418,’
1555 4135 1656 4185 422
1692 4150 1767 4203 sq.
1809 4132 1936 4194 437,
1979 4134 2109 4193 442,
2151 4134 2249 4186 627
2286 4149 2363 4202 sq.
2437 4131 2505 4185 O.
2543 4131 2796 4197 Mueller,

455 4213 584 4268 Litt.
625 4215 699 4269 11.
754 4219 853 4270 246
889 4234 999 4287 sqq.
1056 4233 1061 4238 ’
1099 4202 1397 4270 Stallbaum
1453 4217 1520 4270 de
1578 4234 1802 4287 persona
1854 4215 2129 4287 Euripidis
2181 4217 2237 4269 in
2295 4217 2465 4270 Ranis
2524 4217 2793 4289 Aristoph.

453 4299 579 4369 Lps.
626 4304 774 4355 1843:
847 4301 1110 4367 Ribbeck,
1153 4299 1257 4355 Die
1295 4301 1703 4356 Dramatischen
1739 4301 1997 4355 Parodien
2034 4301 2123 4355 bei
2159 4303 2263 4356 den
2297 4302 2574 4356 Attischen
2609 4302 2800 4357 Komi-

451 4384 585 4437 kern
626 4389 770 4450 1864,
815 4405 867 4457 p.
886 4390 984 4443 277
999 4406 1112 4459 sqq.
1186 4388 1453 4457 Hert-ang,
1494 4387 1779 4457 Euripides
1813 4387 2087 4440 restitutus
2123 4387 2170 4440 I.
2208 4405 2258 4457 p.
2279 4392 2505 4459 316sqq.
2579 4388 2808 4443 Rudloff

458 4469 525 4522 de
552 4470 910 4542 Aristophane
931 4473 1197 4544 Euripidis
1233 4473 1462 4526 irrisore.
1491 4470 1666 4527 Berol.
1700 4472 1949 4543 1865⁴qui
1985 4472 2099 4540 agit
2131 4471 2178 4525 1.
2217 4473 2285 4526 de
2301 4472 2559 4544 Euripide
2593 4475 2800 4546 privato

463 4554 534 4614 Π.
563 4556 630 4610 de
650 4557 906 4628 Euripide
931 4558 1195 4628 Sophiste.
1228 4555 1334 4611 111.
1360 4557 1427 4610 de
1449 4555 1708 4627 Euripide
1736 4566 1910 4628 poeta.
1987 4556 2195 4616 Quibus
2229 4558 2367 4612 adde
2402 4577 2538 4631 quae
2557 4558 2803 4614 Koekius

470 4650 853 4697 commentatus
887 4649 970 4697 est
1003 4643 1058 4697 in
1096 4660 1193 4696 sua
1227 4642 1501 4697 Ranarum
1536 4642 1782 4696 editione.
1818 4642 1893 4697 11.
1938 4646 2089 4697 1868.
2637 4686 2644 4692 .
