3296 5369
1454 550 1535 564 ...
1624 504 1879 579 183..-

499 685 647 752 add.
693 705 856 750 vers.
902 684 1068 749 1030
1110 705 1251 769 sqq.
1302 683 1463 749 1037
1508 705 1651 768 sqq.
1700 683 1861 748 1056
1907 705 2001 766 sq.
2052 684 2235 767 1059,
2282 681 2440 749 1067
2472 703 2567 766 sq.
2612 681 2831 767 Expli-

493 789 769 854 cationis
817 786 1070 871 qualem
1115 785 1536 871 praebuerint
1561 785 1904 871 Diopithes
1943 783 1981 850 ὁ
2025 782 2344 875 ἐξηγήτης
2386 785 2650 869 aliique,
2693 805 2832 868 spe-

494 891 703 955 cimen
747 886 1061 956 habemus
1108 911 1162 953 v.
1208 889 1362 952 20‘1:
1395 888 1684 972 .longu1n
1744 909 1881 953 esse
1926 886 2268 969 draconem
2310 909 2441 963 nec,
2471 910 2602 954 non
2647 886 2831 951 farci-

494 1013 677 1058 men:
735 999 870 1057 tum
928 998 1157 1076 potare
1211 991 1590 1074 sanguinem
1648 997 2012 1073 utrumque.
2100 1028 2182 1037 --
2268 989 2341 1055 In
2387 991 2571 1055 Pacis
2615 989 2836 1054 fabula

412 1094 415 1098 ⁴
495 1093 968 1177 Aristophanes
980 1143 999 1177 ‚
1065 1114 1209 1158 cum
1234 1143 1237 1147 .
1267 1092 1698 1178 chresmologi
1753 1093 1921 1158 inter
1975 1095 2217 1176 primos
2263 1082 2528 1176 operam
2574 1092 2826 1156 dedisse

495 1195 834 1260 videantur
878 1216 959 1259 ne
1002 1217 1137 1278 pax
1179 1194 1378 1259 fuerit
1420 1202 1627 1278 pacta,
1674 1195 2054 1279 perstrinxit
2095 1217 2213 1279 per
2242 1193 2580 1279 parodiam
2611 1194 2838 1259 Hiero-

498 1299 694 1373 clem3
738 1296 851 1362 ubi
895 1297 1372 1381 praetermissis
1429 1298 1660 1362 ceteris
1714 1302 1913 1362 unum
1957 1284 2208 1363 tantum
2251 1297 2573 1380 specimen
2615 1295 2833 1360 vatici-

498 1401 754 1465 niorum
799 1397 997 1463 affero
1039 1398 1206 1463 illud
1252 1399 1427 1481 quod
1483 1400 1838 1482 luculenter
1898 1398 2201 1463 exhibere
2243 1398 2501 1485 videtur
2555 1397 2838 1462 obscuri-

499 1509 694 1568 tatem
752 1501 932 1566 illam
990 1522 1129 1584 qua„
1181 1502 1579 1584 maximoper
1623 1501 2028 1585 obstupuerit
2071 1500 2287 1585 plebs3
2346 1498 2651 1565 nimirum
2696 1519 2841 1564 cum
2889 1588 2890 1593 ἵ
2937 1522 2940 1529 “

503 1605 862 1688 rogavisset
906 1603 1232 1687 Trygaeus
1275 1623 1390 1667 cur
1427 1625 1558 1668 non
1603 1604 1978 1669 scisceretur
2021 1624 2170 1687 pax,
2214 1602 2358 1687 ille:

590 1706 755 1771 1083
798 1701 1038 1770 οὔποτε
1084 1700 1389 1782 ποιήσεις
1435 1703 1549 1770 τὸν
1591 1699 1911 1787 κάρκινον
1954 1692 2142 1788 ὄρθοὲ
2186 1705 2511 1789 βαδίζειν.

591 1807 756 1872 1085
798 1804 1108 1872 οὐδέποτ’
1152 1800 1242 1873 ἀν
1287 1807 1490 1886 θείης
1534 1808 1716 1871 λεῖον
1760 1807 1881 1870 τόν
1926 1806 2175 1893 τραχύν
2216 1808 2432 1895 ἐχῖνον
2480 1856 2530 1873 ..

503 1909 749 1988 Quibus
795 1930 1008 1991 aequa
1035 1909 1248 1974 reddit
1277 1909 1405 1995 Fr„
1433 1930 1576 1973 cum
1606 1916 1803 1994 negat
1829 1909 2114 1976 Hierocli
2145 1910 2501 1994 quidquam
2534 1909 2615 1974 de
2651 1929 2841 2015 carne

507 2010 808 2077 sacrificii
844 2011 1154 2077 tributum
1199 2011 1339 2077 fore

609 2116 768 2178 1111
821 2113 900 2178 ου’
942 2137 1075 2197 γαρ
1121 2096 1280 2281 οἶὲν
1310 2135 1379 2178 τε

800 2210 966 2340 ημῖν
1011 2237 1185 2300 προσ
1230 2211 1522 2280 ιδιὸὀναι
1569 2216 1720 2302 πρὶν
1765 2220 1872 2281 κὲν
1918 2215 2116 2292 λύκος
2159 2206 2261 2282 οἷν
2307 2216 2677 2300 ὑμεναιοῖ.“

1527 2356 1612 2365 —
1656 2357 1733 2366 ——
1779 2316 2015 2400 ἄλλως,
2061 2311 2110 2382 ὦ
2156 2317 2299 2400 τάν,
2344 2317 2683 2398 ἱκετεύειςῤ

810 2413 890 2483 οὗ
934 2415 1063 2502 γάρ
1108 2412 1624 2496 ποιήσεις,λεῖον
1670 2419 1788 2484 τὸν
1837 2421 2083 2506 τραχύν
2126 2421 2340 2505 ἐχῖνον

681 2519 756 2584 In
801 2521 1034 2584 Avium
1078 2520 1300 2585 fabula
1342 2524 1410 2586 in
1455 2543 1674 2589 eorum
1720 2543 1986 2587 numero
2034 2526 2146 2606 qui
2188 2545 2389 2590 novae
2428 2523 2608 2588 urbis
2634 2545 2735 2588 res
2780 2524 2850 2587 in

508 2643 696 2687 usum
742 2644 929 2687 suum
974 2631 1345 2690 convertere
1390 2624 1654 2689 student
1698 2630 1798 2689 est
1841 2625 2038 2690 etiam
2091 2625 2569 2710 chresmologus
2612 2625 2851 2710 aliquis

513 2726 625 2806 qui
691 2724 940 2808 profert
998 2730 1260 2793 oracula
1316 2728 1552 2810 quibus
1610 2748 1770 2806 ‚cum
1844 2728 2659 2813 Nephelococcygiensium·
2708 2728 2851 2794 urbi

508 2826 873 2892 intercedat
915 2830 1118 2905 rati03
1165 2829 1360 2893 etiam
1405 2829 1527 2893 hoc
1571 2821 1711 2894 loco
1741 2830 1941 2914 igitur
1972 2829 2281 2895 habemus
2313 2829 2853 2914 subobscurorum

514 2928 780 2994 illorum
822 2930 1272 2995 vaticiniorum
1318 2932 1743 3003 imitationem
1789 2953 1872 2996 vs.
1917 2932 2040 2999 967
2371 3003 2376 3008 ,

820 3028 973 3124 οἷλλῗ
1017 3026 1185 3098 ὅταν
1230 3029 1548 3109 οἰκήσωσι
1594 3030 1789 3099 λύκοι
1832 3030 2063 3096 πολιαί
2104 3058 2175 3098 τε
2224 3033 2511 3115 κορῶναι

818 3131 888 3197 ἐν
931 3131 1158 3217 ταύτῷ
1201 3130 1447 3218 μεταξύ
1501 3129 1850 3219 Κορίνθου
1897 3136 2013 3197 καὶ
2054 3134 2404 3210 Σικυῶνος

512 3235 689 3317 quod
733 3235 1016 3319 explicat
1058 3235 1251 3303 homo
1296 3237 1376 3300 de
1420 3257 1568 3302 aere
1613 3238 2105 3321 intelligendum
2147 3256 2285 3302 esse
2341 3269 2406 3285 --
2449 3245 2589 3304 tum

815 3327 1077 3415 πρῶτον
1125 3337 1467 3426 Πανδώρᾳι
1518 3340 1732 3406 θῦσαι
1776 3337 2159 3424 λευκότριχα
2207 3337 2396 3425 κριόν

820 3434 891 3513 ὃς
934 3440 1006 3503 δὲ
1051 3437 1110 3503 κ’
1152 3440 1324 3519 ἐμῶν
1366 3440 1572 3504 ἐπ’ἐων
1615 3432 1796 3519 ἔλθη
1842 3437 2184 3523 πρώτιστα
2230 3437 2588 3526 προφήτης

819 3541 913 3624 τῷ
958 3539 1170 3623 δόμεν
1213 3538 1483 3623 ἱμάτιον
1531 3541 1841 3625 καθαρὸν
1884 3541 1997 3605 καὶ
2046 3542 2246 3608 καινοὶ
2290 3543 2536 3608 πέδιλα
2580 3581 2663 3589 -

513 3639 687 3721 quod
732 3642 788 3706 si
831 3641 1071 3708 factum
1113 3643 1344 3727 fuerit,
1402 3644 1733 3727 „aquilam
1790 3645 1857 3709 in
1901 3643 2229 3709 nubibus“
2271 3644 2557 3709 futurum
2601 3643 2854 3708 Pisthe-
2899 3713 2904 3720 „

512 3746 784 3823 taerum
873 3744 1052 3809 Idem
1079 3736 1229 3811 vero
1266 3745 1515 3812 iesutat
1548 3745 1821 3809 ariolum
1867 3746 2063 3810 armis
2109 3767 2187 3809 ex
2231 3747 2453 3810 eodem
2498 3767 2852 3811 armamen-

513 3845 685 3908 tario
733 3845 1113 3931 desumptis:
1164 3846 1408 3913 habere
1439 3868 1507 3912 se
1537 3847 1911 3913 vaticinium
1944 3847 2289 3912 admodum
2329 3846 2651 3913 diversum
2680 3847 2854 3932 quod

515 3964 594 4008 ex
637 3944 901 4029 Pythico
949 3948 1307 4070 (vaticinio)
1353 3948 1760 4033 exscripserit

650 4047 774 4112 983
819 4046 1090 4133 αὐτάρ
1133 4048 1341 4127 ἐπήν
1384 4045 1672 4128 ἄκλητος
1716 4046 1833 4114 ἰών
1876 4047 2249 4133 ἄνθρωπος
2294 4046 2551 4127 α’λαζοὶν

785 4150 990 4241 ,λυπῇ
1035 4149 1356 4232 θύοντας,
1407 4154 1521 4214 καὶ
1570 4147 2054 4237 σπλαγχνεύειν
2093 4151 2401 4238 ἐπιθυμῇ

821 4251 918 4328 δή
954 4251 1048 4316 τό
1069 4275 1149 4316 τε
1178 4250 1294 4337 χρή
1331 4253 1617 4317 τ’ύπτειν
1646 4249 1854 4317 αὐτὸν
1882 4253 2176 4336 πλευρῶν
2207 4249 2288 4315 τὸ
2319 4247 2618 4335 μεταξύ
2649 4275 2706 4316 κ.
2726 4277 2779 4317 τ.
2795 4254 2850 4321 λ.

670 4355 1053 4439 ¹Lysistrata
1110 4355 1524 4419 admonitura
1569 4360 1646 4433 (v.
1698 4354 1819 4417 770
1858 4359 2025 4436 sqq.)
2071 4354 2404 4436 mulieres,
2464 4361 2533 4418 ut
2589 4354 2658 4417 in
2703 4374 2849 4419 con·

515 4454 661 4543 silio
704 4456 1063 4544 perdurent
1105 4454 1485 4544 vaticinium
1528 4453 1782 4539 profert
1825 4456 1893 4541 in
1937 4475 2087 4537 suas
2131 4476 2234 4532 res
2280 4460 2611 4546 spectansg

304 1944 374 2272 ,oxa

359 1926 449 2377 ελ*
