3296 5369
1425 613 1902 678 —-29-1

455 783 732 866 amplius
794 770 1117 847 miseriam
1175 786 1612 867 paupertatis,
1673 806 1802 849 non
1861 785 2139 868 amplius
2199 806 2354 852 aera
2410 786 2626 851 aliena
2668 806 2786 854 nec

455 905 682 950 causas
714 873 850 949 for'e
886 880 1059 969 apud
1084 885 1335 969 judices
1368 886 1599 968 quibus
1646 909 1776 953 non
1820 887 2099 973 amplius
2144 887 2434 952 futurum
2478 889 2565 953 sit
2605 910 2785 973 opus

455 1025 530 1034 --
562 987 738 1059 Haec
780 987 914 1052 fere
958 989 1294 1055 Platonica
1337 996 1489 1053 sunt
1533 1010 1609 1053 ea
1651 1011 1817 1072 quae
1861 991 1928 1054 in
1973 1011 2110 1054 rem
2153 989 2420 1057 faciunt.
2466 1028 2548 1037 —
2592 989 2786 1074 Apud

448 1087 961 1172 Aristophanem
997 1088 1258 1172 quidem
1301 1091 1475 1173 quod
1521 1091 1913 1175 expectaris,
1980 1091 2277 1157 omnibus
2329 1093 2399 1156 in
2441 1090 2635 1156 rebus
2681 1091 2786 1156 de-

448 1191 868 1274 prehenditur
926 1194 1502 1277 exaggeratio,
1563 1197 1660 1258 ita
1715 1201 1789 1258 ut
1848 1217 1978 1259 non
2039 1196 2390 1279 participes
2438 1188 2628 1258 modo
2674 1194 2788 1259 sed

450 1292 573 1357 soli
644 1314 858 1357 rerum
927 1303 1211 1359 rectores
1257 1294 1466 1359 factae
1500 1297 1658 1360 ‘sint
1698 1295 2036 1370 mulieres;
2107 1297 2426 1361 bonorum
2465 1280 2541 1360 ⁴in
2587 1316 2788 1360 unum

447 1393 523 1457 fit
565 1396 834 1478 coactio,
878 1396 1064 1462 nulla
1098 1396 1237 1480 jam
1280 1398 1558 1480 miseria,
1619 1398 1835 1462 nullus
1878 1397 2065 1462 labor
2110 1400 2287 1465 nulla
2330 1418 2484 1466 aera
2554 1398 2788 1481 aliena,

445 1502 520 1561 ut
560 1497 933 1581 Praxagora
976 1498 1200 1563 edocet
1245 1500 1582 1583 conjugem
1625 1499 1996 1584 Blepyrum‚
2044 1500 2125 1586 (v.
2169 1500 2297 1565 590
2340 1502 2515 1586 sqq.)
2569 1501 2665 1565 ita
2715 1505 2791 1564 ut

447 1620 574 1663 non
633 1600 906 1682 amplius
964 1601 1130 1665 alius
1185 1606 1408 1685 miser,
1468 1602 1634 1666 alius
1689 1601 1845 1666 felix
1902 1601 2162 1666 futurus
2222 1604 2310 1697 sit
2362 1608 2427 1667 et
2472 1601 2788 1667 mulieres

449 1701 708 1784 quidem
754 1700 834 1782 (v.
880 1703 1030 1787 614)
1080 1723 1437 1768 communes

531 1805 649 1866 καὶ
697 1798 943 1879 ταύτας
986 1804 1117 1890 γάρ
1166 1804 1395 1879 κοινάς
1441 1807 1610 1870 ποιῶ
1652 1806 1784 1881 τοῖς
1827 1801 2114 1889 α’νὸροίσι
2172 1806 2772 1890 συγκατακεῖσθαι

527 1905 638 1970 καὶ
683 1905 1115 1971 παίδοποιεῖν
1159 1908 1252 1992 τῷ
1288 1908 1678 1996 βουλομένῳ.
1684 1912 1730 1945 “

445 2008 615 2086 Quid
658 2029 804 2073 vero
848 2009 1113 2091 mirum,
1173 2008 1358 2124 quod·
1392 2031 1507 2091 pro
1554 2010 1755 2073 ubera
1798 2009 2168 2074 inventione
2213 2011 2491 2076 comicus
2539 2009 2789 2074 avidis-

442 2113 599 2175 sime
642 2106 917 2194 arripuit
959 2131 1101 2175 eam
1142 2111 1490 2195 praecipue
1546 2131 1681 2177 rem
1738 2118 1800 2176 et
1844 2111 1927 2175 ad
1981 2133 2294 2176 summam
2339 2111 2771 2196 petulantiam
2870 2108 2874 2113 ’

444 2220 510 2278 et
564 2213 891 2277 lasciviam
951 2213 1311 2277 contorsit?
1334 2217 1419 2295 43)
1507 2214 1582 2277 In
1643 2235 1772 2296 qua
1836 2212 2095 2297 quidem
2154 2234 2224 2277 re
2307 2212 2788 2299 deprehendere

461 2314 619 2380 mihi
676 2315 894 2380 videor
951 2314 1275 2379 subditam
1335 2315 1698 2379 irrisionem
1758 2317 2102 2399 potestatis
2158 2315 2331 2381 illius
2388 2316 2591 2380 libere
2648 2316 2794 2380 mis·

442 2418 626 2481 cendi
671 2423 826 2499 post
884 2418 1199 2481 annorum
1245 2415 1566 2500 quendam
1611 2439 1950 2482 numerum
1995 2425 2309 2482 exactum.
2396 2419 2576 2482 Inter
2618 2417 2795 2481 lucu-

434 2517 828 2583 lentissimos
873 2520 1106 2601 quibus
1151 2518 1360 2602 liquet
1401 2514 1614 2585 irrisio
1647 2519 2126 2585 Platonicorum
2170 2540 2392 2585 versus
2419 2525 2572 2584 sunt
2598 2519 2769 2584 Eccl.

441 2620 562 2683 635
606 2618 782 2706 Blep.

521 2722 655 2796 πῶς
697 2710 1028 2787 οὖν’ὃύτω
1077 2720 1338 2801 ζώντων
1384 2721 1560 2808 ἡμῶν
1605 2723 1757 2800 τούς
1800 2721 2009 2790 αὐτοῦ
2055 2724 2317 2787 παῖδασ
2360 2714 2663 2797 ἕκαστος

525 2820 720 2888 ἔσται
765 2823 1063 2900 ὅύνατος·
1097 2826 1645 2909 δισιγι,γνώσκ.ειν,·Δ
1721 2825 1906 2891 Prax.
1960 2823 2021 2889 τί
2080 2825 2151 2887 δὲ
2197 2827 2334 2906 δεῖς
2408 2825 2736 2909 πατέρα

604 2950 766 3011 γαρ
825 2921 872 2988 α’
889 2949 1220 3002 παντας

526 3026 720 3103 τούς
776 3030 1406 3118 πρεσβυτέρους
1463 3027 1733 3094 αὐτῶν
1794 3017 2011 3095 εἶναι
2080 3031 2309 3094 τοῖσι
2353 3027 2785 3115 χρόνοισι

607 3153 698 3195 νο
715 3156 762 3213 μ
787 3154 810 3193 ι
829 3156 864 3196 ο
881 3132 917 3195 ὗ
933 3153 975 3194 σ
992 3155 1015 3194 ι
1033 3155 1084 3195 2.
2503 3145 2510 3155 ¹

440 3231 570 3299 Ubi
620 3233 931 3317 Blepyrus
990 3236 1057 3299 in
1114 3234 1434 3300 ludicrum
1476 3256 1611 3300 rem
1656 3235 2048 3318 detorquens
2067 3233 2090 3299 ε’
2170 3233 2399 3300 Nonne
2441 3239 2580 3298 tum
2623 3255 2779 3316 quo—

441 3356 566 3418 que
622 3336 691 3399 in
749 3343 1011 3419 patrum
1073 3338 1268 3402 etiam
1333 3339 1696 3421 ignotorum
1753 3339 2001 3420 gremia
2070 3337 2390 3404 cacabunt
2447 3335 2778 3400 infantes?

440 3436 814 3502 Sortitionis
858 3438 1102 3505 indicia
1144 3438 1346 3505 habes
1392 3442 1458 3504 in
1501 3440 1790 3504 versibus
1835 3430 2139 3521 8364999.
2228 3438 2328 3503 Ad
2370 3438 2586 3522 ipsum
2629 3437 2768 3502 Pla-

439 3544 651 3602 tonem
711 3547 928 3605 autem
984 3540 1273 3624 (praeter
1316 3564 1404 3606 vs.
1451 3542 1600 3622 647)
1660 3542 1945 3606 alludere
2000 3539 2159 3604 mihi
2217 3540 2473 3605 videtur
2529 3539 2777 3604 Aristo-

439 3640 703 3723 phanes
731 3643 799 3706 in
842 3644 1132 3708 versibus
1180 3643 1219 3706 9
1253 3665 1347 3725 sq.
2039 3668 2064 3698 ο

468 3744 642 3813 571
692 3746 809 3808 νῦν
882 3743 965 3823 δὴ
1025 3741 1139 3810 δεῖ
1186 3766 1261 3808 σε
1335 3743 1656 3822 πυκνήν
1724 3746 1992 3831 φρένα
2063 3745 2201 3807 καὶ
2258 3742 2651 3830 φιλόσοφ
2693 3766 2786 3808 ον

695 3842 901 3929 ὲγείρε
907 3869 974 3909 ιν

695 3945 994 4032 φροντίδ’
1037 3947 1478 4033 ἐπισταμένην
1525 3973 1583 4018 κ.
1631 3974 1687 4014 τ.
1732 3947 1789 4013 λ.

525 4049 652 4114 574
693 4051 883 4136 κοινῆ
925 4050 1054 4134 γάρ
1099 4048 1202 4113 ἐπ’
1249 4048 1646 4137 εὐτυχίαισιν

574 4159 599 4167 ’“
699 4146 955 4242 ἔρχεται
998 4153 1297 4235 γλώττης
1343 4152 1602 4218 ἐπίνοια
1652 4178 1710 4217 κ.
1759 4177 1813 4219 τ.
1861 4153 1918 4218 λ.

530 4253 683 4321 578
700 4253 989 4317 δεῖται
1047 4252 1211 4340 γάρ
1277 4279 1353 4318 τι
1412 4259 1680 4344 σοφοῦ
1737 4278 1967 4330 τινος
2022 4251 2619 4339 εξευρήματος

674 4380 755 4432 η
804 4353 1041 4430 πόλις
1098 4352 1338 4438 ἡμῶν.

464 4491 468 4496 “
516 4487 675 4568 ¹343)
713 4492 870 4544 Anne
920 4492 1156 4546 irasceris
1204 4492 1486 4547 artificibus
1536 4493 1622 4546 ‘eis
1669 4510 1799 4572 quos
1848 4509 1942 4545 nos
1992 4493 2491 4559 „caricaturarum“
2538 4505 2788 4545 vocamu·

450 4573 692 4649 pictores,
734 4577 880 4647 quod
915 4595 1025 4631 non
1051 4578 1252 4648 justam
1289 4585 1344 4632 et
1379 4595 1602 4653 aequam
1639 4578 1845 4632 efficere
1880 4576 2552 4637 soleant‘similitudinem?
2586 4577 2592 4588 '
2640 4588 2647 4596 ·
