<?xml version="1.0" encoding="UTF-8"?>
<!DOCTYPE html PUBLIC "-//W3C//DTD XHTML 1.0 Transitional//EN"
    "http://www.w3.org/TR/xhtml1/DTD/xhtml1-transitional.dtd">
<html xmlns="http://www.w3.org/1999/xhtml" xml:lang="en" lang="en">
 <head>
  <title>
</title>
<meta http-equiv="Content-Type" content="text/html;charset=utf-8" />
  <meta name='ocr-system' content='tesseract 3.04.00' />
  <meta name='ocr-capabilities' content='ocr_page ocr_carea ocr_par ocr_line ocrx_word'/>
</head>
<body>
  <div class='ocr_page' id='page_1' title='image "./deparodiiseisqu00sihlgoog_0025.png"; bbox 0 0 3296 5369; ppageno 0'>
   <div class='ocr_carea' id='block_1_1' title="bbox 366 529 2866 2831">
    <p class='ocr_par' dir='ltr' id='par_1_1' title="bbox 366 529 2866 1711">
     <span class='ocr_line' id='line_1_1' title="bbox 1412 529 1825 599; baseline 0.002 -15"><span class='ocrx_word' id='word_1_1' title='bbox 1412 573 1477 584; x_wconf 85' lang='lat'><strong>...</strong></span> <span class='ocrx_word' id='word_1_2' title='bbox 1575 529 1651 599; x_wconf 79' lang='lat'><strong>21</strong></span> <span class='ocrx_word' id='word_1_3' title='bbox 1746 572 1825 585; x_wconf 65' lang='lat'><strong>.-</strong></span> 
     </span>
     <span class='ocr_line' id='line_1_2' title="bbox 446 700 2866 791; baseline -0.002 -19"><span class='ocrx_word' id='word_1_4' title='bbox 446 705 807 773; x_wconf 87' lang='lat' dir='ltr'><strong>lentissima</strong></span> <span class='ocrx_word' id='word_1_5' title='bbox 873 704 1125 791; x_wconf 76' lang='lat' dir='ltr'><strong>profert</strong></span> <span class='ocrx_word' id='word_1_6' title='bbox 1209 706 1563 791; x_wconf 81' lang='lat' dir='ltr'><strong>specimina</strong></span> <span class='ocrx_word' id='word_1_7' title='bbox 1634 701 2001 769; x_wconf 81' lang='lat' dir='ltr'><strong>Athenaeus</strong></span> <span class='ocrx_word' id='word_1_8' title='bbox 2072 700 2184 787; x_wconf 89' lang='lat' dir='ltr'><strong>(IV</strong></span> <span class='ocrx_word' id='word_1_9' title='bbox 2190 751 2207 768; x_wconf 85' lang='grc'><strong>.</strong></span> <span class='ocrx_word' id='word_1_10' title='bbox 2264 702 2521 770; x_wconf 72' lang='grc'><strong>2236-</strong></span> <span class='ocrx_word' id='word_1_11' title='bbox 2553 701 2680 768; x_wconf 77' lang='grc'><strong>224</strong></span> <span class='ocrx_word' id='word_1_12' title='bbox 2695 711 2784 778; x_wconf 85' lang='lat' dir='ltr'><strong>a).</strong></span> <span class='ocrx_word' id='word_1_13' title='bbox 2858 743 2866 750; x_wconf 88' lang='lat'><em>-</em></span> 
     </span>
     <span class='ocr_line' id='line_1_3' title="bbox 450 805 2781 922; baseline -0.001 -49"><span class='ocrx_word' id='word_1_14' title='bbox 450 810 667 922; x_wconf 88' lang='lat' dir='ltr'>(Apud</span> <span class='ocrx_word' id='word_1_15' title='bbox 700 809 978 875; x_wconf 89' lang='lat' dir='ltr'><strong>Meinek.</strong></span> <span class='ocrx_word' id='word_1_16' title='bbox 1016 810 1285 893; x_wconf 86' lang='lat' dir='ltr'><strong>Antiph.</strong></span> <span class='ocrx_word' id='word_1_17' title='bbox 1313 808 1632 875; x_wconf 86' lang='lat' dir='ltr'><strong>Neottidis</strong></span> <span class='ocrx_word' id='word_1_18' title='bbox 1677 806 1751 869; x_wconf 76' lang='lat' dir='ltr'><strong>ir.</strong></span> <span class='ocrx_word' id='word_1_19' title='bbox 1778 806 1837 870; x_wconf 81' lang='lat'><strong>2.</strong></span> <span class='ocrx_word' id='word_1_20' title='bbox 1897 805 2185 870; x_wconf 83' lang='lat' dir='ltr'><strong>Alexidis</strong></span> <span class='ocrx_word' id='word_1_21' title='bbox 2215 805 2525 871; x_wconf 86' lang='lat' dir='ltr'><strong>Stratiota</strong></span> <span class='ocrx_word' id='word_1_22' title='bbox 2555 805 2781 896; x_wconf 85' lang='lat' dir='ltr'><strong>fragm.</strong></span> 
     </span>
     <span class='ocr_line' id='line_1_4' title="bbox 447 906 2784 996; baseline -0.002 -21"><span class='ocrx_word' id='word_1_23' title='bbox 447 910 640 994; x_wconf 60' lang='lat' dir='ltr'><strong>unic„</strong></span> <span class='ocrx_word' id='word_1_24' title='bbox 685 911 974 995; x_wconf 85' lang='lat' dir='ltr'><strong>ejusdem</strong></span> <span class='ocrx_word' id='word_1_25' title='bbox 1017 909 1460 996; x_wconf 85' lang='lat' dir='ltr'><strong>Adelphorum</strong></span> <span class='ocrx_word' id='word_1_26' title='bbox 1505 909 1579 973; x_wconf 86' lang='lat' dir='ltr'><strong>fr.</strong></span> <span class='ocrx_word' id='word_1_27' title='bbox 1626 908 1686 972; x_wconf 83' lang='lat'><strong>7.</strong></span> <span class='ocrx_word' id='word_1_28' title='bbox 1778 906 2093 972; x_wconf 83' lang='lat' dir='ltr'><strong>Anaxilas</strong></span> <span class='ocrx_word' id='word_1_29' title='bbox 2138 907 2505 973; x_wconf 90' lang='lat' dir='ltr'><strong>Euandriae</strong></span> <span class='ocrx_word' id='word_1_30' title='bbox 2556 906 2784 990; x_wconf 84' lang='lat' dir='ltr'><strong>fragm.</strong></span> 
     </span>
     <span class='ocr_line' id='line_1_5' title="bbox 447 988 2780 1101; baseline -0.002 -25"><span class='ocrx_word' id='word_1_31' title='bbox 447 1012 678 1101; x_wconf 86' lang='lat' dir='ltr'><strong>unic.);</strong></span> <span class='ocrx_word' id='word_1_32' title='bbox 722 1012 1041 1077; x_wconf 88' lang='lat' dir='ltr'><strong>Nimirum</strong></span> <span class='ocrx_word' id='word_1_33' title='bbox 1082 1012 1552 1077; x_wconf 82' lang='lat' dir='ltr'><strong>Demosthenes</strong></span> <span class='ocrx_word' id='word_1_34' title='bbox 1596 1011 1661 1074; x_wconf 90' lang='lat' dir='ltr'><strong>in</strong></span> <span class='ocrx_word' id='word_1_35' title='bbox 1708 1009 2000 1074; x_wconf 88' lang='lat' dir='ltr'><strong>oratione</strong></span> <span class='ocrx_word' id='word_1_36' title='bbox 2047 988 2246 1092; x_wconf 88' lang='lat' dir='ltr'><strong>(anno</strong></span> <span class='ocrx_word' id='word_1_37' title='bbox 2291 1010 2518 1075; x_wconf 81' lang='lat'>34301.</span> <span class='ocrx_word' id='word_1_38' title='bbox 2549 1009 2780 1099; x_wconf 66' lang='grc'>10112)</span> 
     </span>
     <span class='ocr_line' id='line_1_6' title="bbox 447 1109 2782 1201; baseline -0.002 -22"><span class='ocrx_word' id='word_1_39' title='bbox 447 1114 672 1180; x_wconf 84' lang='lat' dir='ltr'><strong>habita</strong></span> <span class='ocrx_word' id='word_1_40' title='bbox 716 1114 796 1178; x_wconf 89' lang='lat' dir='ltr'><strong>de</strong></span> <span class='ocrx_word' id='word_1_41' title='bbox 824 1114 1148 1181; x_wconf 88' lang='lat' dir='ltr'><strong>Haloneso</strong></span> <span class='ocrx_word' id='word_1_42' title='bbox 1169 1116 1251 1201; x_wconf 76' lang='lat'><strong>3⁰)</strong></span> <span class='ocrx_word' id='word_1_43' title='bbox 1293 1114 1511 1179; x_wconf 88' lang='lat' dir='ltr'><strong>insula</strong></span> <span class='ocrx_word' id='word_1_44' title='bbox 1548 1111 1714 1177; x_wconf 92' lang='lat' dir='ltr'><strong>illud</strong></span> <span class='ocrx_word' id='word_1_45' title='bbox 1757 1109 2055 1193; x_wconf 86' lang='lat' dir='ltr'><strong>inprimis</strong></span> <span class='ocrx_word' id='word_1_46' title='bbox 2085 1111 2514 1176; x_wconf 82' lang='lat' dir='ltr'><strong>Athenienses</strong></span> <span class='ocrx_word' id='word_1_47' title='bbox 2558 1130 2782 1174; x_wconf 86' lang='lat' dir='ltr'><strong>cavere</strong></span> 
     </span>
     <span class='ocr_line' id='line_1_7' title="bbox 366 1210 2784 1300; baseline -0.002 -19"><span class='ocrx_word' id='word_1_48' title='bbox 366 1230 371 1237; x_wconf 86' lang='grc'>·</span> <span class='ocrx_word' id='word_1_49' title='bbox 438 1216 765 1299; x_wconf 65' lang='lat' dir='ltr'><strong>jusserat,¹</strong></span> <span class='ocrx_word' id='word_1_50' title='bbox 796 1238 875 1281; x_wconf 91' lang='lat' dir='ltr'><strong>ne</strong></span> <span class='ocrx_word' id='word_1_51' title='bbox 905 1217 1184 1281; x_wconf 86' lang='lat' dir='ltr'><strong>insulam</strong></span> <span class='ocrx_word' id='word_1_52' title='bbox 1213 1216 1578 1300; x_wconf 78' lang='lat' dir='ltr'><strong>reciperent</strong></span> <span class='ocrx_word' id='word_1_53' title='bbox 1619 1213 1881 1277; x_wconf 89' lang='lat' dir='ltr'><strong>nonnisi</strong></span> <span class='ocrx_word' id='word_1_54' title='bbox 1924 1210 2341 1291; x_wconf 75' lang='lat' dir='ltr'><strong>redditam</strong></span> <span class='ocrx_word' id='word_1_55' title='bbox 2385 1235 2426 1278; x_wconf 89' lang='lat' dir='ltr'><strong>a</strong></span> <span class='ocrx_word' id='word_1_56' title='bbox 2459 1211 2784 1297; x_wconf 80' lang='lat' dir='ltr'><strong>Philippo,</strong></span> 
     </span>
     <span class='ocr_line' id='line_1_8' title="bbox 449 1314 2785 1403; baseline -0.002 -22"><span class='ocrx_word' id='word_1_57' title='bbox 449 1319 712 1382; x_wconf 90' lang='lat' dir='ltr'><strong>minime</strong></span> <span class='ocrx_word' id='word_1_58' title='bbox 768 1339 920 1382; x_wconf 87' lang='lat' dir='ltr'><strong>vero</strong></span> <span class='ocrx_word' id='word_1_59' title='bbox 993 1319 1247 1383; x_wconf 87' lang='lat' dir='ltr'><strong>ratione</strong></span> <span class='ocrx_word' id='word_1_60' title='bbox 1306 1318 1494 1403; x_wconf 88' lang='lat' dir='ltr'><strong>doni,</strong></span> <span class='ocrx_word' id='word_1_61' title='bbox 1565 1338 1709 1380; x_wconf 92' lang='lat' dir='ltr'><strong>cum</strong></span> <span class='ocrx_word' id='word_1_62' title='bbox 1764 1315 2091 1398; x_wconf 89' lang='lat' dir='ltr'><strong>peculium</strong></span> <span class='ocrx_word' id='word_1_63' title='bbox 2148 1314 2378 1381; x_wconf 81' lang='lat' dir='ltr'><strong>fuisset</strong></span> <span class='ocrx_word' id='word_1_64' title='bbox 2436 1314 2785 1379; x_wconf 90' lang='lat' dir='ltr'><strong>Athenien-</strong></span> 
     </span>
     <span class='ocr_line' id='line_1_9' title="bbox 449 1417 2516 1502; baseline -0.001 -18"><span class='ocrx_word' id='word_1_65' title='bbox 449 1420 614 1491; x_wconf 76' lang='lat' dir='ltr'><strong>sium</strong></span> <span class='ocrx_word' id='word_1_66' title='bbox 634 1422 730 1499; x_wconf 79' lang='lat'><strong>3¹).</strong></span> <span class='ocrx_word' id='word_1_67' title='bbox 809 1419 1012 1502; x_wconf 90' lang='lat' dir='ltr'><strong>Apud</strong></span> <span class='ocrx_word' id='word_1_68' title='bbox 1051 1419 1483 1502; x_wconf 88' lang='lat' dir='ltr'><strong>Antiphancm</strong></span> <span class='ocrx_word' id='word_1_69' title='bbox 1525 1419 1722 1502; x_wconf 87' lang='lat' dir='ltr'><strong>igitur</strong></span> <span class='ocrx_word' id='word_1_70' title='bbox 1764 1419 1805 1482; x_wconf 91' lang='lat' dir='ltr'><strong>l.</strong></span> <span class='ocrx_word' id='word_1_71' title='bbox 1852 1419 1893 1482; x_wconf 90' lang='lat'><strong>1.</strong></span> <span class='ocrx_word' id='word_1_72' title='bbox 1939 1425 2235 1501; x_wconf 85' lang='lat' dir='ltr'><strong>servutus</strong></span> <span class='ocrx_word' id='word_1_73' title='bbox 2278 1417 2516 1500; x_wconf 88' lang='lat' dir='ltr'><strong>aliquis</strong></span> 
     </span>
     <span class='ocr_line' id='line_1_10' title="bbox 702 1518 2483 1602; baseline -0.001 -18"><span class='ocrx_word' id='word_1_74' title='bbox 702 1523 785 1584; x_wconf 86' lang='lat' dir='ltr'><strong>A.</strong></span> <span class='ocrx_word' id='word_1_75' title='bbox 832 1518 869 1585; x_wconf 89' lang='grc' dir='ltr'><strong><em>ὀ</em></strong></span> <span class='ocrx_word' id='word_1_76' title='bbox 915 1521 1250 1598; x_wconf 71' lang='grc' dir='ltr'><strong><em>δεσπότης</em></strong></span> <span class='ocrx_word' id='word_1_77' title='bbox 1293 1524 1366 1589; x_wconf 82' lang='grc' dir='ltr'><strong>δὲ</strong></span> <span class='ocrx_word' id='word_1_78' title='bbox 1410 1521 1641 1590; x_wconf 82' lang='grc' dir='ltr'><strong><em>πάντα</em></strong></span> <span class='ocrx_word' id='word_1_79' title='bbox 1691 1519 1774 1584; x_wconf 80' lang='grc' dir='ltr'><strong>τοὶ</strong></span> <span class='ocrx_word' id='word_1_80' title='bbox 1820 1519 2013 1602; x_wconf 76' lang='grc' dir='ltr'><strong><em>παρά</em></strong></span> <span class='ocrx_word' id='word_1_81' title='bbox 2062 1522 2181 1585; x_wconf 83' lang='grc' dir='ltr'><strong>τοῦ</strong></span> <span class='ocrx_word' id='word_1_82' title='bbox 2219 1518 2483 1602; x_wconf 80' lang='grc' dir='ltr'><strong><em>πατρὸς</em></strong></span> 
     </span>
     <span class='ocr_line' id='line_1_11' title="bbox 704 1617 2460 1711; baseline 0 -27"><span class='ocrx_word' id='word_1_83' title='bbox 704 1621 1149 1711; x_wconf 69' lang='grc' dir='ltr'><strong><em>ἀπέλαβεν</em></strong></span> <span class='ocrx_word' id='word_1_84' title='bbox 1196 1620 1448 1711; x_wconf 72' lang='grc' dir='ltr'><strong><em>ὅσαπερ</em></strong></span> <span class='ocrx_word' id='word_1_85' title='bbox 1495 1620 1759 1705; x_wconf 72' lang='grc' dir='ltr'><strong>ἔλαβεν.</strong></span> <span class='ocrx_word' id='word_1_86' title='bbox 1854 1622 1936 1685; x_wconf 85' lang='grc' dir='ltr'><strong>Β.</strong></span> <span class='ocrx_word' id='word_1_87' title='bbox 1983 1619 2329 1704; x_wconf 73' lang='grc' dir='ltr'><strong>ἠγάπησεν</strong></span> <span class='ocrx_word' id='word_1_88' title='bbox 2373 1617 2460 1684; x_wconf 74' lang='grc' dir='ltr'><strong>ἄν</strong></span> 
     </span>
    </p>

    <p class='ocr_par' dir='ltr' id='par_1_2' title="bbox 400 1723 2403 1812">
     <span class='ocr_line' id='line_1_12' title="bbox 400 1723 2403 1812; baseline -0.001 -21"><span class='ocrx_word' id='word_1_89' title='bbox 400 1788 403 1791; x_wconf 88' lang='grc'><strong>.</strong></span> <span class='ocrx_word' id='word_1_90' title='bbox 703 1723 785 1787; x_wconf 83' lang='grc' dir='ltr'><strong>τὸ</strong></span> <span class='ocrx_word' id='word_1_91' title='bbox 825 1728 1007 1809; x_wconf 78' lang='grc' dir='ltr'><strong><em>ρῆμα</em></strong></span> <span class='ocrx_word' id='word_1_92' title='bbox 1057 1727 1255 1791; x_wconf 84' lang='grc' dir='ltr'><em>τοῦτο</em></span> <span class='ocrx_word' id='word_1_93' title='bbox 1298 1723 1815 1812; x_wconf 80' lang='grc' dir='ltr'><strong><em>παραλαβών</em></strong></span> <span class='ocrx_word' id='word_1_94' title='bbox 1859 1723 2403 1807; x_wconf 76' lang='grc' dir='ltr'><strong>Δημοσθένης..</strong></span> 
     </span>
    </p>

    <p class='ocr_par' dir='ltr' id='par_1_3' title="bbox 450 1826 837 1893">
     <span class='ocr_line' id='line_1_13' title="bbox 450 1826 837 1893; baseline 0.003 -3"><span class='ocrx_word' id='word_1_95' title='bbox 450 1827 667 1892; x_wconf 85' lang='lat' dir='ltr'><strong>Alexis</strong></span> <span class='ocrx_word' id='word_1_96' title='bbox 712 1826 752 1893; x_wconf 92' lang='lat' dir='ltr'><strong>l.</strong></span> <span class='ocrx_word' id='word_1_97' title='bbox 797 1827 837 1891; x_wconf 93' lang='lat' dir='ltr'><strong>l.</strong></span> 
     </span>
    </p>

    <p class='ocr_par' dir='ltr' id='par_1_4' title="bbox 701 1923 2786 2522">
     <span class='ocr_line' id='line_1_14' title="bbox 701 1923 2786 2016; baseline 0 -27"><span class='ocrx_word' id='word_1_98' title='bbox 701 1926 1108 2016; x_wconf 68' lang='grc' dir='ltr'><strong>ἀπόλαβε.</strong></span> <span class='ocrx_word' id='word_1_99' title='bbox 1202 1929 1280 1993; x_wconf 89' lang='grc' dir='ltr'><strong>Β.</strong></span> <span class='ocrx_word' id='word_1_100' title='bbox 1329 1931 1514 1994; x_wconf 84' lang='grc' dir='ltr'><em>τουτὶ</em></span> <span class='ocrx_word' id='word_1_101' title='bbox 1562 1925 1620 1990; x_wconf 78' lang='grc' dir='ltr'><strong>δ’</strong></span> <span class='ocrx_word' id='word_1_102' title='bbox 1664 1927 1804 1992; x_wconf 77' lang='grc' dir='ltr'>ἐστὶ</span> <span class='ocrx_word' id='word_1_103' title='bbox 1848 1930 1970 2008; x_wconf 84' lang='grc' dir='ltr'><strong>τί.,·-</strong></span> <span class='ocrx_word' id='word_1_104' title='bbox 2045 1924 2129 1992; x_wconf 89' lang='lat' dir='ltr'><strong>A.</strong></span> <span class='ocrx_word' id='word_1_105' title='bbox 2176 1923 2214 1992; x_wconf 80' lang='grc' dir='ltr'>ὃ</span> <span class='ocrx_word' id='word_1_106' title='bbox 2258 1923 2416 2011; x_wconf 77' lang='grc' dir='ltr'><strong><em>παρ’</em></strong></span> <span class='ocrx_word' id='word_1_107' title='bbox 2458 1925 2635 2011; x_wconf 76' lang='grc' dir='ltr'><strong>ὑμῶν</strong></span> <span class='ocrx_word' id='word_1_108' title='bbox 2662 1925 2786 2009; x_wconf 70' lang='grc' dir='ltr'><strong>ἐγώ</strong></span> 
     </span>
     <span class='ocr_line' id='line_1_15' title="bbox 702 2025 2192 2118; baseline 0 -24"><span class='ocrx_word' id='word_1_109' title='bbox 702 2028 1067 2117; x_wconf 78' lang='grc' dir='ltr'><strong><em>παιδάριον</em></strong></span> <span class='ocrx_word' id='word_1_110' title='bbox 1109 2028 1351 2118; x_wconf 72' lang='grc' dir='ltr'><strong><em>ἔλαβον</em></strong></span> <span class='ocrx_word' id='word_1_111' title='bbox 1392 2028 1746 2116; x_wconf 67' lang='grc' dir='ltr'><strong><em>ἀποφέρων</em></strong></span> <span class='ocrx_word' id='word_1_112' title='bbox 1793 2025 1922 2110; x_wconf 83' lang='grc' dir='ltr'><strong>ἥκω</strong></span> <span class='ocrx_word' id='word_1_113' title='bbox 1968 2029 2192 2095; x_wconf 82' lang='grc' dir='ltr'><strong><em>πάλιν.</em></strong></span> 
     </span>
     <span class='ocr_line' id='line_1_16' title="bbox 705 2127 2686 2218; baseline -0.002 -22"><span class='ocrx_word' id='word_1_114' title='bbox 705 2131 788 2196; x_wconf 88' lang='grc' dir='ltr'><strong>Β.</strong></span> <span class='ocrx_word' id='word_1_115' title='bbox 834 2134 1008 2213; x_wconf 82' lang='grc' dir='ltr'><strong><em>πῶς,·</em></strong></span> <span class='ocrx_word' id='word_1_116' title='bbox 1053 2155 1174 2197; x_wconf 89' lang='grc' dir='ltr'><strong>ουκ</strong></span> <span class='ocrx_word' id='word_1_117' title='bbox 1224 2130 1489 2216; x_wconf 69' lang='grc' dir='ltr'><em>ἀρέσκει</em></span> <span class='ocrx_word' id='word_1_118' title='bbox 1535 2155 1641 2197; x_wconf 81' lang='grc' dir='ltr'><strong>σοι</strong></span> <span class='ocrx_word' id='word_1_119' title='bbox 1688 2134 1949 2218; x_wconf 75' lang='grc' dir='ltr'><em>τρέφειν</em></span> <span class='ocrx_word' id='word_1_120' title='bbox 1964 2152 1990 2211; x_wconf 89' lang='lat'><em>;</em></span> <span class='ocrx_word' id='word_1_121' title='bbox 2074 2136 2160 2197; x_wconf 90' lang='lat' dir='ltr'><strong>A.</strong></span> <span class='ocrx_word' id='word_1_122' title='bbox 2204 2127 2321 2195; x_wconf 77' lang='grc' dir='ltr'><strong>οὐκ</strong></span> <span class='ocrx_word' id='word_1_123' title='bbox 2365 2127 2515 2195; x_wconf 72' lang='grc' dir='ltr'><strong>ἔστι</strong></span> <span class='ocrx_word' id='word_1_124' title='bbox 2559 2127 2686 2217; x_wconf 73' lang='grc' dir='ltr'><strong>γάρ</strong></span> 
     </span>
     <span class='ocr_line' id='line_1_17' title="bbox 706 2224 2506 2320; baseline 0 -23"><span class='ocrx_word' id='word_1_125' title='bbox 706 2229 1055 2318; x_wconf 67' lang='grc' dir='ltr'><strong>ἡμέτερον.</strong></span> <span class='ocrx_word' id='word_1_126' title='bbox 1148 2235 1234 2299; x_wconf 83' lang='lat' dir='ltr'><strong>B.</strong></span> <span class='ocrx_word' id='word_1_127' title='bbox 1280 2232 1421 2299; x_wconf 75' lang='grc' dir='ltr'><strong>οὐδ’</strong></span> <span class='ocrx_word' id='word_1_128' title='bbox 1465 2224 1802 2320; x_wconf 69' lang='grc' dir='ltr'><strong>ἡμέτερον.</strong></span> <span class='ocrx_word' id='word_1_129' title='bbox 1891 2246 1971 2296; x_wconf 84' lang='lat' dir='ltr'><strong>A.</strong></span> <span class='ocrx_word' id='word_1_130' title='bbox 2018 2230 2166 2296; x_wconf 67' lang='grc' dir='ltr'><strong>ἀλλ’</strong></span> <span class='ocrx_word' id='word_1_131' title='bbox 2213 2229 2506 2298; x_wconf 82' lang='grc' dir='ltr'><strong><em>ἐδώκατε</em></strong></span> 
     </span>
     <span class='ocr_line' id='line_1_18' title="bbox 704 2331 2662 2421; baseline -0.002 -22"><span class='ocrx_word' id='word_1_132' title='bbox 704 2331 894 2418; x_wconf 62' lang='grc' dir='ltr'>ὑμεῖς</span> <span class='ocrx_word' id='word_1_133' title='bbox 935 2337 1081 2421; x_wconf 77' lang='grc' dir='ltr'>ἐμοὶ</span> <span class='ocrx_word' id='word_1_134' title='bbox 1127 2334 1324 2401; x_wconf 74' lang='grc' dir='ltr'><strong>τοῦτ’.</strong></span> <span class='ocrx_word' id='word_1_135' title='bbox 1414 2337 1496 2401; x_wconf 87' lang='grc' dir='ltr'><strong>Β.</strong></span> <span class='ocrx_word' id='word_1_136' title='bbox 1540 2335 1684 2400; x_wconf 75' lang='grc' dir='ltr'><strong>οὐκ</strong></span> <span class='ocrx_word' id='word_1_137' title='bbox 1729 2336 2174 2418; x_wconf 73' lang='grc' dir='ltr'><strong><em>ἐδωκαμεν.</em></strong></span> <span class='ocrx_word' id='word_1_138' title='bbox 2261 2336 2347 2401; x_wconf 88' lang='grc' dir='ltr'><strong>Α.</strong></span> <span class='ocrx_word' id='word_1_139' title='bbox 2397 2334 2464 2399; x_wconf 80' lang='grc' dir='ltr'><strong>τί</strong></span> <span class='ocrx_word' id='word_1_140' title='bbox 2509 2334 2662 2417; x_wconf 62' lang='grc' dir='ltr'><strong>δαίς</strong></span> 
     </span>
     <span class='ocr_line' id='line_1_19' title="bbox 703 2436 1732 2522; baseline -0.001 -21"><span class='ocrx_word' id='word_1_141' title='bbox 703 2436 788 2501; x_wconf 91' lang='lat' dir='ltr'><strong>B.</strong></span> <span class='ocrx_word' id='word_1_142' title='bbox 835 2436 1417 2522; x_wconf 73' lang='grc' dir='ltr'><strong>ἀπεδώκαμεν.</strong></span> <span class='ocrx_word' id='word_1_143' title='bbox 1466 2461 1521 2502; x_wconf 84' lang='grc' dir='ltr'><em>κ</em></span> <span class='ocrx_word' id='word_1_144' title='bbox 1568 2461 1626 2502; x_wconf 86' lang='grc' dir='ltr'><strong>τ.</strong></span> <span class='ocrx_word' id='word_1_145' title='bbox 1675 2438 1732 2503; x_wconf 88' lang='grc' dir='ltr'><strong>λ.</strong></span> 
     </span>
    </p>

    <p class='ocr_par' dir='ltr' id='par_1_5' title="bbox 449 2538 2785 2831">
     <span class='ocr_line' id='line_1_20' title="bbox 449 2538 2785 2623; baseline 0.001 -21"><span class='ocrx_word' id='word_1_146' title='bbox 449 2539 640 2621; x_wconf 87' lang='lat' dir='ltr'><strong>Apud</strong></span> <span class='ocrx_word' id='word_1_147' title='bbox 682 2540 1028 2606; x_wconf 83' lang='lat' dir='ltr'><strong>Anaxilam</strong></span> <span class='ocrx_word' id='word_1_148' title='bbox 1072 2540 1113 2604; x_wconf 91' lang='lat' dir='ltr'><strong>l.</strong></span> <span class='ocrx_word' id='word_1_149' title='bbox 1159 2541 1201 2604; x_wconf 87' lang='lat'><strong>1.</strong></span> <span class='ocrx_word' id='word_1_150' title='bbox 1248 2541 1498 2605; x_wconf 86' lang='lat' dir='ltr'><strong>accedis</strong></span> <span class='ocrx_word' id='word_1_151' title='bbox 1548 2539 1982 2623; x_wconf 87' lang='lat' dir='ltr'><strong>jurisjurandi</strong></span> <span class='ocrx_word' id='word_1_152' title='bbox 2025 2559 2223 2622; x_wconf 87' lang='lat' dir='ltr'><strong>supra</strong></span> <span class='ocrx_word' id='word_1_153' title='bbox 2268 2538 2447 2605; x_wconf 82' lang='lat' dir='ltr'><strong>alla&#39;ti</strong></span> <span class='ocrx_word' id='word_1_154' title='bbox 2491 2538 2785 2623; x_wconf 86' lang='lat' dir='ltr'><strong>parodia</strong></span> 
     </span>
     <span class='ocr_line' id='line_1_21' title="bbox 707 2638 2690 2729; baseline 0.001 -24"><span class='ocrx_word' id='word_1_155' title='bbox 707 2638 794 2706; x_wconf 79' lang='lat' dir='ltr'><strong>A.</strong></span> <span class='ocrx_word' id='word_1_156' title='bbox 836 2641 950 2705; x_wconf 81' lang='grc' dir='ltr'><strong>καὶ</strong></span> <span class='ocrx_word' id='word_1_157' title='bbox 994 2640 1119 2718; x_wconf 80' lang='grc' dir='ltr'><strong><em>τοὶς</em></strong></span> <span class='ocrx_word' id='word_1_158' title='bbox 1161 2640 1585 2729; x_wconf 80' lang='grc' dir='ltr'><strong><em>παλαίστρας</em></strong></span> <span class='ocrx_word' id='word_1_159' title='bbox 1628 2664 1725 2706; x_wconf 85' lang='grc' dir='ltr'><strong>σοι</strong></span> <span class='ocrx_word' id='word_1_160' title='bbox 1771 2642 1877 2726; x_wconf 85' lang='grc' dir='ltr'><strong>μοὶ</strong></span> <span class='ocrx_word' id='word_1_161' title='bbox 1937 2666 2020 2707; x_wconf 67' lang='lat' dir='ltr'><strong>‘cv</strong></span> <span class='ocrx_word' id='word_1_162' title='bbox 2054 2665 2092 2709; x_wconf 84' lang='grc' dir='ltr'><strong><em>ν</em></strong></span> <span class='ocrx_word' id='word_1_163' title='bbox 2135 2643 2278 2727; x_wconf 79' lang='grc' dir='ltr'><strong>γῆν</strong></span> <span class='ocrx_word' id='word_1_164' title='bbox 2319 2641 2423 2726; x_wconf 81' lang='grc' dir='ltr'><strong>μή</strong></span> <span class='ocrx_word' id='word_1_165' title='bbox 2471 2640 2562 2707; x_wconf 88' lang='grc' dir='ltr'><strong>σύ</strong></span> <span class='ocrx_word' id='word_1_166' title='bbox 2603 2665 2690 2725; x_wconf 79' lang='grc' dir='ltr'><strong>γε</strong></span> 
     </span>
     <span class='ocr_line' id='line_1_22' title="bbox 706 2740 2682 2831; baseline 0 -24"><span class='ocrx_word' id='word_1_167' title='bbox 706 2746 894 2827; x_wconf 79' lang='grc' dir='ltr'><strong><em>δῷς,</em></strong></span> <span class='ocrx_word' id='word_1_168' title='bbox 939 2744 1119 2808; x_wconf 80' lang='grc' dir='ltr'><strong><em>αλλ’</em></strong></span> <span class='ocrx_word' id='word_1_169' title='bbox 1164 2740 1509 2820; x_wconf 81' lang='grc' dir='ltr'><strong>οἷπόδος.</strong></span> <span class='ocrx_word' id='word_1_170' title='bbox 1598 2745 1680 2809; x_wconf 87' lang='lat' dir='ltr'><strong>B.</strong></span> <span class='ocrx_word' id='word_1_171' title='bbox 1727 2748 1842 2807; x_wconf 85' lang='grc' dir='ltr'><strong>καὶ</strong></span> <span class='ocrx_word' id='word_1_172' title='bbox 1890 2744 1974 2823; x_wconf 86' lang='grc' dir='ltr'><strong>δη</strong></span> <span class='ocrx_word' id='word_1_173' title='bbox 2019 2740 2290 2831; x_wconf 73' lang='grc' dir='ltr'><strong><em>φέρουσ’</em></strong></span> <span class='ocrx_word' id='word_1_174' title='bbox 2331 2741 2682 2829; x_wconf 61' lang='grc' dir='ltr'><strong><em>ἐξέρχομαι.</em></strong></span> 
     </span>
    </p>
   </div>
   <div class='ocr_carea' id='block_1_2' title="bbox 446 2914 854 2928">
    <p class='ocr_par' dir='ltr' id='par_1_6' title="bbox 446 2914 854 2928">
     <span class='ocr_line' id='line_1_23' title="bbox 446 2914 854 2928; baseline 0 0"><span class='ocrx_word' id='word_1_175' title='bbox 446 2914 854 2928; x_wconf 95' lang='lat' dir='ltr'><strong> </strong></span> 
     </span>
    </p>
   </div>
   <div class='ocr_carea' id='block_1_3' title="bbox 438 3014 2789 3775">
    <p class='ocr_par' dir='ltr' id='par_1_7' title="bbox 451 3014 2789 3345">
     <span class='ocr_line' id='line_1_24' title="bbox 585 3014 2789 3087; baseline 0 -17"><span class='ocrx_word' id='word_1_176' title='bbox 585 3017 673 3080; x_wconf 84' lang='grc'><strong>30)</strong></span> <span class='ocrx_word' id='word_1_177' title='bbox 710 3014 1018 3070; x_wconf 82' lang='lat' dir='ltr'><strong>Orationem</strong></span> <span class='ocrx_word' id='word_1_178' title='bbox 1064 3015 1131 3069; x_wconf 90' lang='lat' dir='ltr'><strong>de</strong></span> <span class='ocrx_word' id='word_1_179' title='bbox 1167 3016 1438 3070; x_wconf 84' lang='lat' dir='ltr'><strong>Haloneso</strong></span> <span class='ocrx_word' id='word_1_180' title='bbox 1472 3016 1824 3071; x_wconf 81' lang='lat' dir='ltr'><strong>Demostheni</strong></span> <span class='ocrx_word' id='word_1_181' title='bbox 1871 3016 1954 3071; x_wconf 89' lang='lat' dir='ltr'><strong>cui</strong></span> <span class='ocrx_word' id='word_1_182' title='bbox 1998 3016 2159 3087; x_wconf 84' lang='lat' dir='ltr'><strong>vulgo</strong></span> <span class='ocrx_word' id='word_1_183' title='bbox 2206 3015 2573 3087; x_wconf 81' lang='lat' dir='ltr'><strong>abjudicatur,</strong></span> <span class='ocrx_word' id='word_1_184' title='bbox 2620 3016 2789 3070; x_wconf 85' lang='lat' dir='ltr'><strong>vindi-</strong></span> 
     </span>
     <span class='ocr_line' id='line_1_25' title="bbox 451 3097 2788 3172; baseline 0 -17"><span class='ocrx_word' id='word_1_185' title='bbox 451 3100 589 3156; x_wconf 84' lang='lat' dir='ltr'><strong>cavit</strong></span> <span class='ocrx_word' id='word_1_186' title='bbox 620 3100 685 3156; x_wconf 89' lang='lat' dir='ltr'><strong>B.</strong></span> <span class='ocrx_word' id='word_1_187' title='bbox 727 3100 796 3158; x_wconf 85' lang='lat' dir='ltr'><strong>G.</strong></span> <span class='ocrx_word' id='word_1_188' title='bbox 825 3097 1046 3154; x_wconf 84' lang='lat' dir='ltr'><strong>Weiske</strong></span> <span class='ocrx_word' id='word_1_189' title='bbox 1082 3102 1416 3167; x_wconf 89' lang='lat' dir='ltr'><strong>Lubbenae.,</strong></span> <span class='ocrx_word' id='word_1_190' title='bbox 1456 3131 1525 3142; x_wconf 90' lang='lat'>—</span> <span class='ocrx_word' id='word_1_191' title='bbox 1559 3109 1748 3168; x_wconf 86' lang='lat' dir='ltr'><strong>(annus</strong></span> <span class='ocrx_word' id='word_1_192' title='bbox 1782 3121 1889 3156; x_wconf 91' lang='lat' dir='ltr'><strong>non</strong></span> <span class='ocrx_word' id='word_1_193' title='bbox 1924 3102 2134 3157; x_wconf 86' lang='lat' dir='ltr'><strong>additus</strong></span> <span class='ocrx_word' id='word_1_194' title='bbox 2170 3103 2271 3172; x_wconf 87' lang='lat' dir='ltr'><strong>est)</strong></span> <span class='ocrx_word' id='word_1_195' title='bbox 2306 3101 2628 3171; x_wconf 83' lang='lat' dir='ltr'><strong>argumentis</strong></span> <span class='ocrx_word' id='word_1_196' title='bbox 2663 3119 2788 3156; x_wconf 82' lang='lat' dir='ltr'><strong>usus</strong></span> 
     </span>
     <span class='ocr_line' id='line_1_26' title="bbox 451 3185 2786 3259; baseline -0 -19"><span class='ocrx_word' id='word_1_197' title='bbox 451 3197 512 3240; x_wconf 92' lang='lat' dir='ltr'><strong>ut</strong></span> <span class='ocrx_word' id='word_1_198' title='bbox 567 3186 778 3242; x_wconf 85' lang='lat' dir='ltr'><strong>videtur</strong></span> <span class='ocrx_word' id='word_1_199' title='bbox 824 3185 952 3240; x_wconf 87' lang='lat' dir='ltr'><strong>satis</strong></span> <span class='ocrx_word' id='word_1_200' title='bbox 1000 3185 1223 3240; x_wconf 84' lang='lat' dir='ltr'><strong>idoneis.</strong></span> <span class='ocrx_word' id='word_1_201' title='bbox 1261 3204 1312 3258; x_wconf 86' lang='lat' dir='ltr'><strong>p.</strong></span> <span class='ocrx_word' id='word_1_202' title='bbox 1348 3191 1442 3241; x_wconf 74' lang='lat'><strong>242</strong></span> <span class='ocrx_word' id='word_1_203' title='bbox 1517 3188 1699 3253; x_wconf 86' lang='lat' dir='ltr'><strong>„Nam</strong></span> <span class='ocrx_word' id='word_1_204' title='bbox 1744 3188 2135 3242; x_wconf 84' lang='lat' dir='ltr'><strong>Demosthenes</strong></span> <span class='ocrx_word' id='word_1_205' title='bbox 2180 3188 2398 3259; x_wconf 89' lang='lat' dir='ltr'><strong>quidem</strong></span> <span class='ocrx_word' id='word_1_206' title='bbox 2433 3187 2579 3240; x_wconf 88' lang='lat' dir='ltr'><strong>miris</strong></span> <span class='ocrx_word' id='word_1_207' title='bbox 2611 3187 2786 3241; x_wconf 88' lang='lat' dir='ltr'><strong>modis</strong></span> 
     </span>
     <span class='ocr_line' id='line_1_27' title="bbox 451 3269 2535 3345; baseline 0.001 -20"><span class='ocrx_word' id='word_1_208' title='bbox 451 3270 619 3327; x_wconf 86' lang='lat' dir='ltr'><strong>multa</strong></span> <span class='ocrx_word' id='word_1_209' title='bbox 653 3271 708 3325; x_wconf 89' lang='lat' dir='ltr'><strong>in</strong></span> <span class='ocrx_word' id='word_1_210' title='bbox 742 3270 919 3327; x_wconf 87' lang='lat' dir='ltr'><strong>verbis</strong></span> <span class='ocrx_word' id='word_1_211' title='bbox 954 3271 1036 3324; x_wconf 78' lang='lat' dir='ltr'><strong>vel</strong></span> <span class='ocrx_word' id='word_1_212' title='bbox 1071 3273 1364 3343; x_wconf 86' lang='lat' dir='ltr'><strong>pangendis</strong></span> <span class='ocrx_word' id='word_1_213' title='bbox 1396 3273 1480 3326; x_wconf 84' lang='lat' dir='ltr'><strong>vel</strong></span> <span class='ocrx_word' id='word_1_214' title='bbox 1516 3269 1901 3345; x_wconf 81' lang='lat' dir='ltr'><strong>conjungendis</strong></span> <span class='ocrx_word' id='word_1_215' title='bbox 1935 3280 2265 3328; x_wconf 83' lang='lat' dir='ltr'><strong>novaverat“</strong></span> <span class='ocrx_word' id='word_1_216' title='bbox 2303 3281 2358 3328; x_wconf 89' lang='lat' dir='ltr'><strong>et</strong></span> <span class='ocrx_word' id='word_1_217' title='bbox 2389 3277 2424 3327; x_wconf 84' lang='lat'>9</span> <span class='ocrx_word' id='word_1_218' title='bbox 2456 3290 2535 3343; x_wconf 82' lang='lat' dir='ltr'><strong>sq.</strong></span> 
     </span>
    </p>

    <p class='ocr_par' dir='ltr' id='par_1_8' title="bbox 438 3356 2785 3775">
     <span class='ocr_line' id='line_1_28' title="bbox 540 3356 2784 3429; baseline -0.002 -17"><span class='ocrx_word' id='word_1_219' title='bbox 540 3391 544 3395; x_wconf 94' lang='lat'>·</span> <span class='ocrx_word' id='word_1_220' title='bbox 583 3361 673 3424; x_wconf 83' lang='lat'><strong>31)</strong></span> <span class='ocrx_word' id='word_1_221' title='bbox 709 3358 779 3414; x_wconf 83' lang='lat' dir='ltr'><strong>cf.</strong></span> <span class='ocrx_word' id='word_1_222' title='bbox 816 3360 934 3427; x_wconf 71' lang='grc' dir='ltr'><strong>περὶ</strong></span> <span class='ocrx_word' id='word_1_223' title='bbox 967 3356 1238 3424; x_wconf 76' lang='grc' dir='ltr'><em>Ἁλονήσου</em></span> <span class='ocrx_word' id='word_1_224' title='bbox 1275 3359 1359 3414; x_wconf 82' lang='lat' dir='ltr'><strong>ed.</strong></span> <span class='ocrx_word' id='word_1_225' title='bbox 1398 3357 1633 3414; x_wconf 84' lang='lat' dir='ltr'><strong>Bekker.</strong></span> <span class='ocrx_word' id='word_1_226' title='bbox 1674 3363 1735 3413; x_wconf 79' lang='lat'><strong>2:</strong></span> <span class='ocrx_word' id='word_1_227' title='bbox 1816 3363 2081 3417; x_wconf 70' lang='grc' dir='ltr'><strong>Φίλιππος</strong></span> <span class='ocrx_word' id='word_1_228' title='bbox 2127 3360 2225 3429; x_wconf 78' lang='grc' dir='ltr'><strong>γὰρ</strong></span> <span class='ocrx_word' id='word_1_229' title='bbox 2276 3360 2490 3429; x_wconf 71' lang='grc' dir='ltr'><strong><em>ἄρχεται</em></strong></span> <span class='ocrx_word' id='word_1_230' title='bbox 2535 3363 2632 3427; x_wconf 73' lang='grc' dir='ltr'><strong>μὲν</strong></span> <span class='ocrx_word' id='word_1_231' title='bbox 2669 3360 2784 3428; x_wconf 76' lang='grc' dir='ltr'><strong><em>περὶ</em></strong></span> 
     </span>
     <span class='ocr_line' id='line_1_29' title="bbox 438 3443 2785 3514; baseline 0.002 -19"><span class='ocrx_word' id='word_1_232' title='bbox 438 3443 717 3510; x_wconf 75' lang='grc' dir='ltr'><strong>Ἀλονήσου</strong></span> <span class='ocrx_word' id='word_1_233' title='bbox 753 3449 918 3514; x_wconf 75' lang='grc' dir='ltr'><em>λέγων</em></span> <span class='ocrx_word' id='word_1_234' title='bbox 967 3444 1033 3503; x_wconf 80' lang='grc' dir='ltr'><strong>ὥς</strong></span> <span class='ocrx_word' id='word_1_235' title='bbox 1069 3444 1192 3514; x_wconf 78' lang='grc' dir='ltr'>ὑμῖν</span> <span class='ocrx_word' id='word_1_236' title='bbox 1228 3447 1544 3510; x_wconf 76' lang='grc' dir='ltr'><strong>δίδωσιν,</strong></span> <span class='ocrx_word' id='word_1_237' title='bbox 1593 3447 1779 3500; x_wconf 71' lang='grc' dir='ltr'><strong><em>ἑαυτοῦ</em></strong></span> <span class='ocrx_word' id='word_1_238' title='bbox 1817 3444 1995 3507; x_wconf 70' lang='grc' dir='ltr'><strong><em>οὖσαν,</em></strong></span> <span class='ocrx_word' id='word_1_239' title='bbox 2042 3446 2181 3514; x_wconf 74' lang='grc' dir='ltr'><strong>ὑμᾶς</strong></span> <span class='ocrx_word' id='word_1_240' title='bbox 2217 3448 2272 3497; x_wconf 73' lang='grc' dir='ltr'><strong>δὲ</strong></span> <span class='ocrx_word' id='word_1_241' title='bbox 2311 3449 2371 3500; x_wconf 75' lang='grc' dir='ltr'><strong>οὗ</strong></span> <span class='ocrx_word' id='word_1_242' title='bbox 2409 3463 2537 3514; x_wconf 78' lang='grc' dir='ltr'><strong><em>φησι</em></strong></span> <span class='ocrx_word' id='word_1_243' title='bbox 2574 3447 2785 3506; x_wconf 76' lang='grc' dir='ltr'><strong><em>δικαίως</em></strong></span> 
     </span>
     <span class='ocr_line' id='line_1_30' title="bbox 448 3529 2783 3598; baseline 0.001 -16"><span class='ocrx_word' id='word_1_244' title='bbox 448 3531 611 3585; x_wconf 69' lang='grc' dir='ltr'><strong><em>αὐτὸν</em></strong></span> <span class='ocrx_word' id='word_1_245' title='bbox 647 3529 887 3582; x_wconf 59' lang='lat' dir='ltr'><strong>&amp;nonar</strong></span> <span class='ocrx_word' id='word_1_246' title='bbox 911 3535 958 3585; x_wconf 90' lang='lat'><strong>5.</strong></span> <span class='ocrx_word' id='word_1_247' title='bbox 1001 3548 1143 3597; x_wconf 85' lang='lat' dir='ltr'><strong>„nec</strong></span> <span class='ocrx_word' id='word_1_248' title='bbox 1176 3530 1313 3585; x_wconf 83' lang='lat' dir='ltr'><strong>fallit</strong></span> <span class='ocrx_word' id='word_1_249' title='bbox 1346 3548 1467 3585; x_wconf 91' lang='lat' dir='ltr'><strong>eum</strong></span> <span class='ocrx_word' id='word_1_250' title='bbox 1502 3548 1616 3596; x_wconf 84' lang='lat' dir='ltr'><strong>vos,</strong></span> <span class='ocrx_word' id='word_1_251' title='bbox 1657 3540 1776 3584; x_wconf 89' lang='lat' dir='ltr'><strong>utro</strong></span> <span class='ocrx_word' id='word_1_252' title='bbox 1812 3550 1939 3586; x_wconf 87' lang='lat' dir='ltr'><strong>voce</strong></span> <span class='ocrx_word' id='word_1_253' title='bbox 1974 3535 2054 3585; x_wconf 89' lang='lat' dir='ltr'><strong>usi</strong></span> <span class='ocrx_word' id='word_1_254' title='bbox 2088 3531 2323 3598; x_wconf 82' lang='lat' dir='ltr'><strong>fueritis,</strong></span> <span class='ocrx_word' id='word_1_255' title='bbox 2361 3532 2634 3586; x_wconf 86' lang='lat' dir='ltr'><strong>habituros</strong></span> <span class='ocrx_word' id='word_1_256' title='bbox 2669 3548 2783 3584; x_wconf 88' lang='lat' dir='ltr'><strong>esse</strong></span> 
     </span>
     <span class='ocr_line' id='line_1_31' title="bbox 446 3607 2779 3687; baseline 0 -17"><span class='ocrx_word' id='word_1_257' title='bbox 446 3616 706 3685; x_wconf 78' lang='lat' dir='ltr'><strong>insulam,</strong></span> <span class='ocrx_word' id='word_1_258' title='bbox 745 3619 809 3668; x_wconf 74' lang='grc' dir='ltr'><strong>ἄν</strong></span> <span class='ocrx_word' id='word_1_259' title='bbox 843 3638 909 3669; x_wconf 77' lang='grc' dir='ltr'><strong>τε</strong></span> <span class='ocrx_word' id='word_1_260' title='bbox 949 3614 1233 3686; x_wconf 72' lang='grc' dir='ltr'><em>λάβητε,</em></span> <span class='ocrx_word' id='word_1_261' title='bbox 1270 3618 1336 3667; x_wconf 75' lang='grc' dir='ltr'><strong>ἄν</strong></span> <span class='ocrx_word' id='word_1_262' title='bbox 1370 3616 1412 3668; x_wconf 79' lang='lat' dir='ltr'><strong>‘t&#39;</strong></span> <span class='ocrx_word' id='word_1_263' title='bbox 1453 3615 1861 3685; x_wconf 70' lang='grc' dir='ltr'><strong><em>ἀπολάβητε,</em></strong></span> <span class='ocrx_word' id='word_1_264' title='bbox 1921 3607 2067 3676; x_wconf 81' lang='lat' dir='ltr'><strong>Quid</strong></span> <span class='ocrx_word' id='word_1_265' title='bbox 2102 3618 2267 3687; x_wconf 78' lang='lat' dir='ltr'><strong>igitur</strong></span> <span class='ocrx_word' id='word_1_266' title='bbox 2299 3616 2440 3671; x_wconf 82' lang='lat' dir='ltr'><strong>illius</strong></span> <span class='ocrx_word' id='word_1_267' title='bbox 2473 3617 2693 3670; x_wconf 77' lang='lat' dir='ltr'><strong>interest</strong></span> <span class='ocrx_word' id='word_1_268' title='bbox 2726 3624 2779 3671; x_wconf 72' lang='lat' dir='ltr'><strong>ul</strong></span> 
     </span>
     <span class='ocr_line' id='line_1_32' title="bbox 447 3699 2548 3775; baseline 0.001 -20"><span class='ocrx_word' id='word_1_269' title='bbox 447 3720 555 3757; x_wconf 87' lang='lat' dir='ltr'><strong>non</strong></span> <span class='ocrx_word' id='word_1_270' title='bbox 591 3703 886 3759; x_wconf 87' lang='lat' dir='ltr'><strong>reddere</strong></span> <span class='ocrx_word' id='word_1_271' title='bbox 921 3704 1050 3758; x_wconf 83' lang='lat' dir='ltr'><strong>velit</strong></span> <span class='ocrx_word' id='word_1_272' title='bbox 1084 3702 1327 3771; x_wconf 86' lang='lat' dir='ltr'><strong>insulam,</strong></span> <span class='ocrx_word' id='word_1_273' title='bbox 1362 3704 1510 3775; x_wconf 81' lang='lat' dir='ltr'><strong>justo</strong></span> <span class='ocrx_word' id='word_1_274' title='bbox 1545 3720 1672 3757; x_wconf 87' lang='lat' dir='ltr'><strong>usus</strong></span> <span class='ocrx_word' id='word_1_275' title='bbox 1706 3703 1938 3771; x_wconf 88' lang='lat' dir='ltr'><strong>nomine,</strong></span> <span class='ocrx_word' id='word_1_276' title='bbox 1977 3699 2154 3756; x_wconf 88' lang='lat' dir='ltr'><strong>dono</strong></span> <span class='ocrx_word' id='word_1_277' title='bbox 2189 3703 2349 3756; x_wconf 87' lang='lat' dir='ltr'><strong>dare</strong></span> <span class='ocrx_word' id='word_1_278' title='bbox 2382 3703 2548 3757; x_wconf 78' lang='lat' dir='ltr'><strong>vero?</strong></span> 
     </span>
    </p>
   </div>
  </div>
 </body>
</html>
