3296 5369
1386 582 1803 655 1.-15...

673 766 890 833 vinum
933 765 1118 835 v.12
1172 761 1560 847 Βρομιοίδος
1598 762 1644 826 δ
1645 757 1955 843 ’ῑὶδρῶτα
2001 757 2219 839 πηγῆς
2263 804 2403 823 .....
2407 776 2438 825 ·.

670 890 844 951 aqua
883 869 1068 934 v.13
1168 861 1418 948 λιβάδα
1464 858 1810 951 νυμφαίαν
1855 857 2156 943 δροσώδη
2203 908 2385 926 ......

420 970 670 1036 Similia
689 970 850 1034 vitia
869 974 941 1050 ¹9)
970 968 1282 1035 sermonis
1306 968 1373 1032 in
1405 964 1511 1030 Ch
1528 986 1665 1029 aer
1683 985 1716 1029 e
1737 984 1800 1028 m
1818 983 1963 1027 one
1992 963 2244 1045 tragico
2266 963 2530 1029 notabat
2548 963 2761 1029 Eubu-

418 1074 520 1138 lus
565 1077 862 1154 comicuS,
905 1071 1212 1135 nimirum
1254 1068 1717 1133 translationes
1761 1064 2145 1148 frigidiores.
2232 1065 2337 1131 Ita
2381 1086 2619 1147 aquam
2653 1087 2762 1133 ex-

419 1180 749 1259 presserat
775 1172 1126 1238 Chaeremo
1173 1170 1382 1236 verbis
1428 1168 1753 1254 „fluminis
1784 1168 2081 1250 corpus“,
2107 1165 2397 1232 Eubulus
2428 1167 2629 1250 igitur
2663 1168 2765 1232 vel

420 1276 617 1357 verba
660 1277 774 1365 illa
814 1276 945 1340 suis
989 1274 1264 1339 inseruit
1308 1273 1409 1337 vel
1453 1273 1740 1354 integros
1769 1268 2073 1333 reddidit
2118 1290 2338 1334 versus

560 1377 688 1443 Ine
734 1377 994 1443 fab.1o
1034 1373 1212 1438 Ἐπεὶ
1259 1375 1328 1438 δὲ
1373 1374 1590 1459 σηκῶν
1638 1368 1991 1458 περιβολὰς
2041 1368 2426 1454 ἠμείψαμεν

1031 1473 1229 1561 ὕθωρ
1275 1500 1343 1538 τε
1393 1476 1780 1557 ποτάμου
1824 1474 2046 1552 σῶμα
2093 1472 2575 1556 διεπεράσαμεν

990 1628 993 1633 -
1036 1602 1148 1642 και
1198 1575 1372 1662 ἡμῶν
1418 1579 1488 1643 δὲ
1532 1578 1715 1639 πᾶσα
1760 1574 2043 1656 δύναμις
2090 1571 2353 1638 ὑδάτων
2398 1571 2701 1658 ἄρδεται.

422 1685 628 1751 Simili
672 1681 933 1766 quidem
976 1682 1230 1747 ratione
1275 1701 1451 1745 rosas
1495 1684 1684 1743 vocat
1729 1675 2079 1741 Chaeremo
2124 1675 2201 1740 fr.
2254 1677 2329 1740 13
2378 1677 2452 1741 N.

827 1783 1102 1866 κόμαισι
1145 1780 1392 1866 Ὡρῶν
1449 1770 1775 1863 σώματ’
1831 1773 2092 1855 εὐανθῆ
2136 1776 2303 1863 ρόδα

845 1876 1048 1972 εἶχον,
1096 1928 1659 1948 ..........
1678 1883 1755 1968 2⁰)
2706 1943 2709 1947 ,

430 1990 691 2074 Insigne
748 1995 953 2055 restat
1013 1993 1079 2052 et
1137 1973 1577 2071 gratissimum
1632 1989 1732 2047 est
1785 1984 2108 2065 specimen
2153 2003 2461 2070 censurae
2507 1987 2772 2069 qualem

365 2124 372 2133 ·
421 2085 683 2157 'ratione
728 2089 1037 2176 parodiae
1082 2087 1465 2153 exercebant
1494 2085 1856 2151 comoediae
1890 2083 2259 2170 scriptores,
2293 2107 2371 2151 ex
2403 2090 2774 2154 novissimis

431 2195 799 2259 comoediae
855 2190 1253 2276 temporibus
1310 2189 1483 2271 apud
1541 2187 1946 2253 Athenaeum
1992 2187 2080 2267 (X
2122 2189 2248 2254 432
2293 2195 2405 2267 c.);
2469 2191 2773 2255 nimirum

434 2296 548 2380 qui
591 2277 1014 2361 historiarum
1073 2291 1568 2376 scriptor·apud
1612 2289 2002 2354 Antiochum
2058 2310 2273 2373 regem
2320 2290 2595 2374 (Seleuci
2638 2294 2788 2367 dias

433 2398 623 2463 dochi
656 2396 897 2477 filium)
919 2388 1265 2480 plurimum
1296 2392 1609 2476 pollebat,
1636 2393 2103 2476 praelectiones
2134 2392 2451 2459 habuerat
2480 2385 2794 2478 publicas¹

431 2499 738 2583 Athenis,
794 2499 1111 2575 oratione,
1156 2503 1225 2561 ut
1266 2495 1518 2559 videtur
1562 2515 1658 2577 ea,
1704 2515 1831 2576 qua
1873 2493 2225 2558 leviuscula
2270 2495 2623 2579 magnificis
2675 2518 2793 2584 ex-.

432 2621 659 2684 pressa
701 2549 962 2664 fuerant
1004 2596 1249 2678 verbis3
1295 2594 1715 2681 'quamobrem
1759 2594 2067 2679 Epinicus
2126 2598 2404 2662 comicus
2449 2581 2773 2693 integram

435 2701 721 2767 fabulam
779 2701 957 2767 illius
1012 2700 1267 2765 nomine
1325 2701 1708 2784 insignitam
1761 2700 2053 2781 scripsit,
2115 2720 2245 2781 qua
2287 2701 2426 2783 ipse
2473 2701 2586 2766 ille
2627 2724 2774 2786 pro-

436 2803 608 2868 cedit
634 2840 718 2850 -
747 2802 863 2887 (vs,
869 2804 1079 2887 ⁵6sqq.
1124 2810 1194 2867 ut
1238 2808 1455 2866 monet
1499 2793 1869 2865 Athenaeus
1914 2806 2067 2863 sunt
2110 2801 2289 2882 ipsae
2329 2821 2513 2876 voces
2552 2795 2775 2885 quales

437 2903 828 2978 adhibuerat
851 2905 1426 2989 Mnesiptolemus).
1483 2902 1687 2986 „Cum
1720 2901 2021 2966 vidissem
2045 2902 2394 2985 aliquando
2428 2905 2495 2968 in
2532 2897 2783 2974 aestate

418 2995 764 3072 ‘bibentem
808 3007 1144 3073 Seleucum
1187 3028 1404 3089 regem
1449 3025 1685 3087 aquam
1727 3024 1872 3068 cum
1914 3002 2157 3083 hordeo
2202 3007 2488 3089 mixtam,
2537 3007 2767 3073 litteris
2849 2998 2854 3008 ’

439 3130 576 3174 rem
630 3108 931 3173 mandavi
979 3115 1045 3172 et
1103 3107 1358 3173 ostendi
1417 3104 1798 3171 hominibus*
1843 3124 2033 3188 posse
2077 3126 2178 3170 me
2207 3097 2339 3191 ¹pro
2383 3109 2447 3174 vi
2490 3131 2635 3174 mea
2677 3099 2769 3173 ‹li-

443 3210 630 3275 cendi
675 3212 873 3275 etiam
916 3231 1018 3275 res
1064 3210 1352 3294 perleves
1396 3207 1666 3273 reddere
1713 3207 2072 3290 digniores:

755 3314 1042 3396 Γέροντα
1091 3310 1368 3383 Θάσιον,
1415 3308 1535 3372 τόν
1579 3332 1644 3372 τε
1694 3302 1816 3391 γῆς
1861 3308 1981 3371 α’π’
2027 3309 2349 3384 Ατθίδος

745 3411 1002 3498 νασμὸν
1044 3411 1369 3494 μελίσσης
1413 3414 1528 3487 τῆς
1573 3409 1935 3495 α’κροχόλου
1983 3412 2237 3490 γλυκύν

745 3514 1311 3599 συρκυρκανὴσας
1354 3514 1423 3578 ἐν
1466 3511 1709 3603 σκύφῳ
1743 3514 1948 3597 χυτῆς
1994 3512 2199 3578 λίθου

752 3616 1106 3733 Δήμητρος
1150 3616 1321 3705 axv}
1366 3616 1502 3679 πᾶν
1549 3639 1620 3679 τε
1670 3612 2057 3703 γεφυρώσας
2100 3612 2304 3701 ὑγρόν

752 3719 1198 3810 κατησίμωκα
1237 3719 1455 3801 πῶιια,
1498 3715 1845 3799 καύματος
1890 3716 2101 3783 λύσιν.

588 3877 670 3936 19)
708 3873 775 3926 cf.
815 3871 1120 3941 Bernhardy
1153 3870 1210 3923 11
1234 3874 1283 3935 2,
1321 3875 1383 3925 61
1400 3888 1516 3941 sqq.
1555 3879 1609 3923 et
1642 3887 1763 3941 pag.
1790 3876 1877 3925 66
1949 3871 2066 3925 Von
2102 3870 2444 3926 fruchtbaren
2469 3853 2780 3939 Gedanken,

448 3971 553 4010 von
589 3955 845 4010 Genialen
891 3958 1020 4010 oder
1067 3974 1239 4010 neuen
1286 3956 1526 4009 Motiven
1571 3956 1770 4010 erfahrt
1815 3969 1937 4009 man
1973 3958 2175 4022 nichts;
2238 3958 2323 4011 die
2362 3958 2541 4011 Kunst
2575 3959 2786 4013 besteht
2839 3957 2844 3962 ’

449 4042 566 4097 blos
600 4043 657 4096 in
691 4042 955 4096 Rhetorik
992 4042 1101 4108 und
1136 4042 1490 4095 verfeinerten
1526 4040 1773 4094 Formen.

584 4131 673 4192 20)
709 4127 870 4181 Multi
913 4123 1191 4198 praeterea
1237 4135 1422 4180 extant
1468 4126 1523 4179 in
1571 4127 1776 4179 mediae
1823 4128 2099 4182 comoedia
2134 4128 2369 4200 reliquiis
2405 4128 2506 4183 loci
2540 4130 2631 4200 qui
2672 4148 2792 4183 eum

453 4212 731 4282 insigniter
764 4213 1051 4266 exhibeant
1075 4213 1388 4266 nobiliorem
1413 4211 1703 4265 orationem
1729 4221 1783 4265 et
1805 4215 2021 4283 poeticis
2048 4204 2227 4284 figuris
2254 4214 2573 4282 distinctum,
2609 4225 2792 4269 tenen-

452 4299 581 4352 dum
631 4306 709 4350 est
754 4298 961 4351 mediae
1009 4297 1319 4351 comoediae
1357 4298 1636 4366 scriptores
1686 4298 1741 4351 id
1791 4299 1965 4368 ipsum
2010 4300 2161 4372 quasi
2209 4302 2481 4370 proprium
2537 4310 2591 4355 et
2643 4319 2798 4355 suum

452 4400 693 4437 exercere
742 4384 1041 4447 adamasse3
1099 4383 1242 4454 quod
1288 4383 1502 4453 quidem
1551 4382 1648 4436 nisi
1695 4384 1771 4437 ita
1804 4401 1861 4436 se
1896 4385 2146 4450 haberet,
2198 4403 2356 4456 saepe
2404 4387 2793 4457 suspicaremur

454 4468 721 4523 offendere
771 4469 1016 4538 parodias
1074 4468 1332 4533 (locorum
1357 4480 1364 4487 ·
1391 4467 1506 4534 vel)
1575 4468 1767 4537 speciei
1827 4470 2013 4539 tragici
2079 4471 2351 4526 sermonis.
2427 4472 2493 4525 cf.
2560 4470 2802 4544 inprimis

455 4552 718 4607 Xenarchi
755 4551 1092 4608 Butalionem
1128 4553 1479 4607 Mnesimachi
1516 4553 1961 4624 Hippotrophum.
