3296 5369
1513 690 1882 753 ...6-ψ

528 855 725 922 batur
766 858 957 922 nimis
1001 859 1323 933 subtiliter
1368 859 1701 926 Macareus
1748 859 2095 924 defendens
2137 848 2509 943 ‘se'propter
2554 861 2865 926 incestum

532 981 813 1027 amorem
868 961 1104 1026 sororis
1148 959 1226 1025 ,τί
1270 956 1342 1027 δ’·
1373 958 1681 1048 αἰσχρόν,
1745 955 1831 1039 ἦν
1885 960 1977 1043 μή
2042 964 2213 1025 τοῖσι
2250 961 2613 1045 χρωμένοις
2669 965 2870 1052 ὃοκῇ;

460 1057 465 1063 ’
528 1063 741 1153 Ipsius
787 1084 939 1145 ergo
986 1070 1364 1147 argumento
1391 1065 1760 1147 Euripidem
1799 1063 2051 1128 'refutat
2078 1063 2370 1128 Bacchus
2415 1084 2573 1128 cum·
2604 1072 2866 1147 praeter

529 1166 916 1245 promissum
943 1166 1327 1250 Aeschylum
1365 1167 1618 1232 reducit
1663 1154 1731 1230 in
1775 1171 2042 1229 terram:
2089 1167 2155 1229 τὶ
2201 1164 2261 1230 δ’
2307 1165 2604 1250 αισχρὸν,
2650 1163 2728 1242 ἢν
2768 1165 2863 1250 μή
2899 1174 2900 1179 ’

533 1267 669 1339 τοῖς
713 1266 1046 1348 θωμένοις
1091 1269 1297 1349 δοκῆς
1383 1270 1579 1334 Addit
1626 1258 2158 1335 consolationem
2181 1289 2259 1332 ex
2302 1267 2633 1362 Euripidis
2679 1268 2864 1353 Poly-

529 1369 636 1433 ido
684 1369 1090 1452 desumptam
1289 1359 1466 1434 οἶδεν
1524 1365 1586 1434 εἰ
1629 1370 1708 1434 τὸ
1757 1371 1880 1448 ζῆν
1936 1369 2058 1453 μέν
2103 1369 2260 1432 ἐστι
2307 1370 2714 1444 κατθανεῖν,
2773 1369 2862 1434 Τό

535 1471 745 1534 πινεῖν
791 1473 860 1536 δὲ
905 1472 1213 1552 δειπνεῖν,
1259 1472 1333 1536 τό
1383 1471 1725 1538 καδεύδειν
1770 1474 2025 1538 κώδιον.
2050 1511 2132 1519 —-
2921 1544 2932 1553 ὁ

698 1571 1397 1659 of.P01yid.1r.639
1412 1573 1486 1637 N.
1549 1571 1641 1650 τίς
1701 1576 1787 1638 δ’·
1823 1563 2049 1655 οἷδεν’,
2106 1570 2171 1638 εἰ
2229 1572 2305 1638 τὸ
2374 1574 2493 1651 ζῆν
2548 1573 2671 1657 μέν
2725 1571 2866 1638 ἐστι

535 1675 941 1753 κατθανεῖν,
997 1677 1085 1740 Τὸ
1134 1679 1515 1741 κατθανεῖν
1559 1677 1625 1739 δὲ
1674 1676 1796 1755 ζῆν
1843 1675 2019 1739 κάτω
2066 1674 2445 1764 νομίζεται,·
2488 1713 2574 1723 --

697 1776 1164 1862 Aristophanes
1224 1800 1364 1844 eam
1423 1780 1753 1844 hominum
1823 1780 1936 1861 qui
1996 1778 2064 1843 in
2120 1778 2366 1863 tragica
2422 1778 2861 1865 procedebant
2936 1770 2939 1774 “

530 1878 738 1943 voluit
767 1899 905 1946 esse
937 1881 1222 1946 indolem
1266 1903 1434 1965 quae
1464 1881 1833 1946 conveniret
1875 1878 2177 1947 heroibus
2223 1881 2629 1963 aliquantum
2665 1901 2866 1964 supra

534 1983 1340 2055 communium-hominum
1383 1983 1661 2048 indolem
1706 1983 1975 2050 elevatis
2022 1991 2082 2049 et
2126 2004 2266 2049 eam
2310 2003 2440 2065 qua
2472 1987 2863 2064 spectatores

533 2082 619 2149 ad
665 2084 866 2151 altius
908 2085 1242 2170 'fastigium
1287 2108 1538 2151 morum
1581 2106 1655 2150 ac
1699 2086 2168 2150 sententiarum
2191 2084 2647 2167 'appetendum
2697 2087 2858 2157 exci-

533 2191 828 2252 tarentur
885 2196 946 2253 et
1006 2177 1356 2253 elevantur.
1463 2187 1852 2252 Gravissime
1898 2188 2097 2269 igitur
2149 2186 2582 2269 displicebant
2643 2188 2865 2269 qualia

534 2291 888 2373 exprimere
933 2289 1194 2375 ingenia
1237 2291 1483 2355 solebat
1526 2290 1885 2372 EuripideS‚
1946 2288 2183 2355 callida
2226 2288 2597 2355 lubidinosa
2644 2289 2861 2354 studio

532 2391 883 2456 ulciscendi
941 2398 1007 2456 et
1063 2392 1333 2459 insidias
1379 2392 1672 2457 struendi
1714 2391 1970 2475 dedita,
2016 2397 2083 2455 et
2126 2412 2204 2455 ea
2219 2390 2291 2476 6),
2340 2411 2504 2472 quae
2549 2397 2622 2454 ut
2669 2411 2865 2474 quam

533 2492 899 2576 longissime
961 2500 1147 2558 erant
1206 2493 1378 2558 infra
1437 2493 1766 2576 fastigium
1824 2494 1987 2557 illud
2043 2493 2501 2577 Aeschyleum‚
2558 2494 2654 2557 ita
2698 2513 2864 2556 com-

462 2624 471 2639 »
526 2597 822 2669 ‘munium
878 2595 1207 2660 hominum
1266 2598 1378 2679 qui
1427 2604 1577 2661 sunt
1626 2595 1930 2679 affectuS,
1989 2597 2316 2678 nequitia,
2390 2594 2859 2679 calliditasque,

533 2699 719 2764 unice
764 2705 1063 2763 accurate
1107 2687 1509 2764 exhibebant.
1579 2699 1711 2764 Nec
1753 2722 1883 2764 non
1916 2698 2168 2771 “multus
2214 2705 2352 2763 erat
2393 2704 2589 2781 poeta
2636 2721 2863 2781 τραγι-

538 2798 831 2877 κώτατος
872 2804 941 2867 111
985 2803 1436 2866 commovendo
1482 2800 2101 2866 commiserationem
2157 2801 2344 2883 quasi
2386 2800 2455 2865 in
2501 2799 2864 2864 dicasteriis
2905 2855 2910 2862 .

536 2902 790 2986 Atticis,
838 2926 968 2987 qua
997 2903 1257 2987 quidem
1301 2905 1366 2968 in
1413 2927 1481 2968 re
1516 2925 1642 2969 non
1678 2903 2069 2968 abhorrebat
2104 2902 2182 2966 ab
2216 2902 2621 2967 adminiculis
2643 2901 2866 2965 vilium

534 3008 808 3072 vestium
876 3014 941 3072 et
999 3006 1251 3098 externi
1309 3009 1567 3072 omnino
1624 3012 1982 3090 apparatus
2029 3004 2430 3069 adhibendis.
2521 3041 2599 3052 --
2686 3003 2866 3070 Talis

536 3106 794 3189 quidem
839 3111 1150 3193 processit
1193 3110 1389 3172 etiam
1435 3089 1755 3189 Telephus
1792 3107 2052 3190 MysiuS‚
2088 3128 2241 3170 cum
2288 3108 2380 3187 (in
2425 3089 2652 3171 fabula
2680 3106 2864 3170 Euri-

535 3209 726 3291 pidea
785 3210 1081 3296 Telephi)
1138 3210 1294 3293 Argi
1349 3211 1417 3273 in
1475 3211 1632 3274 urbe
1692 3231 1907 3274 coram
1967 3203 2233 3273 ducibus
2283 3209 2544 3274 Graecis
2600 3227 2862 3271 causam

535 3331 718 3376 suam
762 3319 983 3397 ageret
997 3336 1014 3388 3
1059 3314 1241 3396 cujus
1284 3312 1581 3376 habitum
1599 3315 1647 3398 ⁷)
1694 3314 1895 3395 igitur
1921 3311 2331 3394 Dicaeopolis
2351 3309 2864 3394 Aristophaneus

536 3412 618 3478 ab
654 3415 963 3498 Euripide
1009 3418 1170 3498 petit
1208 3421 1277 3479 ut
1306 3435 1564 3478 oausam
1595 3435 1774 3478 suam
1808 3420 1956 3512 agat
1986 3419 2207 3506 ageret
2238 3434 2450 3478 coram
2481 3412 2862 3480 Acharneu-

536 3516 710 3581 sibus
756 3537 899 3582 cum
945 3539 1240 3584 successu
1288 3539 1484 3600 quam
1528 3517 1953 3589 faustissim03
2000 3522 2066 3579 et
2109 3535 2251 3578 cum
2288 3514 2463 3598 apud
2487 3513 2864 3599 Euripidem

535 3620 858 3702 Telephus
904 3621 1204 3685 dixisset:
1612 3684 1617 3690 ,

790 3722 1222 3808 Αγαμέμνον
1284 3717 1431 3786 οὐδ’
1475 3713 1540 3783 εἰ
1591 3720 1743 3783 πέλε
1722 3739 1869 3783 κυι
1912 3718 1980 3782 ἐν
2018 3719 2240 3802 χεροῖν
2285 3714 2447 3803 ἔχων
2489 3716 2724 3799 μέλλοι
2772 3737 2868 3790 τις

788 3823 882 3899 εἰς
937 3823 1267 3943 τράχηλον
1319 3823 1635 3905 ἐμβαλεῖν
1691 3818 1882 3903 ἐμόν,
1941 3818 2301 3903 σιγήσομαι
2358 3816 2589 3884 δίκαια
2648 3815 2868 3882 ἀντει-

792 3928 938 3991 πεῖν
986 3923 1146 4013 έχων
1192 3974 1277 3990 ο..

671 4154 725 4215 6)
765 4144 971 4214 Σκῆνας
1007 4151 1302 4217 καταλαμβ.
1344 4148 1410 4200 fr.

745 4256 872 4294 τως
906 4237 1031 4293 νοῦς
1067 4234 1116 4287 δ’
1157 4235 1437 4301 ἀγοραίους
1473 4233 1626 4295 ἦττον
1664 4231 1697 4296 »ἲ
1732 4237 1894 4289 κεῖνος
1931 4230 2085 4284 ποιῶ.

757 4322 820 4374 cf.
861 4321 1167 4376 Menelaum
1202 4318 1551 4374 Hermionam
1587 4318 1847 4372 Helenam
1883 4316 2124 4369 Orestem
2154 4314 2629 4385 Clytaemnestram
2657 4310 2868 4364 Ulixem

534 4405 783 4458 Jasonem
822 4408 1001 4477 quales
1039 4407 1318 4495 Euripides
1356 4406 1627 4475 expressit.

671 4493 723 4556 7)
762 4493 997 4545 Maxime
1048 4489 1309 4562 insignem
1358 4490 1518 4543 fuisse
1556 4499 1612 4543 et
1657 4506 1781 4558 prae
1830 4488 2016 4540 ceteris
2053 4502 2115 4537 ea
2150 4485 2202 4538 in
2236 4501 2294 4536 re
2332 4480 2683 4553 praestitisse,
2744 4478 2868 4531 inde

537 4575 763 4630 efficitur
809 4579 950 4648 quod
1001 4576 1338 4649 Dicaeopolis
1388 4574 1813 4647 Bellerophontis
1861 4573 1987 4626 Inus
2036 4569 2205 4626 Oenei
2251 4565 2529 4622 Phoenicis
2563 4562 2870 4618 Philoctetis

538 4669 853 4732 apparatum
887 4662 1078 4735 rejicit.
